2813 4313
281 210 364 271 94
965 203 1061 266 Do
1102 204 1406 269 Prosodid
1447 203 1516 266 H
1515 201 1806 267 ibernica.

367 360 461 422 10.
508 359 761 421 Rursus
800 377 919 439 pro
958 357 1536 439 correspondentiis
1575 357 1661 420 sit
1703 357 1826 421 tibi
1866 358 2076 439 prima
2114 358 2367 439 regula:

365 458 587 520 Prima
610 475 633 519 .·
691 456 933 519 vocalis
970 475 1102 518 non
1141 455 1597 537 correspondet
1624 457 1905 538 perfecte
1931 456 2053 519 nisi
2098 475 2231 519 suae
2277 455 2489 531 simili,

286 540 408 602 etsi
453 538 797 601 concordet
827 557 1225 636 quaecunque
1256 558 1406 600 cum
1440 557 1823 620 quacunque
1854 544 1932 601 ut
1962 537 2212 600 dictum
2241 543 2358 600 aet.

367 643 651 706 Secunda
676 662 699 706 .·
769 643 979 706 omnis
1020 663 1302 706 consona
1347 643 1696 706 concordat
1741 664 1890 706 cum
1935 663 2053 706 sua
2101 643 2309 719 simili,
2360 644 2492 707 imo

284 725 756 805 correspondet,
794 725 908 787 sed
942 724 995 787 si
1029 724 1098 786 in
1132 725 1776 805 correspondentibus
1809 725 2246 788 interveniant
2279 725 2494 806 plures

331 826 485 869 uam
526 806 687 880 duae,
732 825 864 868 non
903 811 1161 886 oportet
1201 806 1378 900 quod
1419 805 1958 886 correspondeant
1998 806 2144 900 plus
2186 827 2384 887 quam
2423 807 2492 869 in

331 887 542 951 uabus
579 888 729 950 hinc
769 887 938 961 inde,
982 893 1060 950 ut
1102 887 1255 950 alib1
1297 887 1545 950 dictum
1587 894 1685 950 est
1713 908 1727 961 ;
1795 893 1873 950 ut
1913 907 2085 950 emm
2126 907 2493 968 correspon-

286 970 517 1032 deatur
555 969 705 1031 hinc
747 968 993 1030 voculae
1030 983 1553 1063 onotccrgpenm,
1598 968 1831 1031 suflicit
1873 968 2257 1032 intervenire
2298 969 2492 1032 aliam

286 1051 585 1113 voculam
621 1049 1223 1130 correspondentem
1260 1050 1318 1112 ei
1354 1070 1424 1111 1n
1459 1050 1674 1112 medio
1710 1069 1825 1129 per
1860 1068 2209 1112 consonam
2248 1074 2287 1114 c
2323 1055 2390 1113 et
2429 1075 2486 1130 r,

284 1132 420 1194 sine
460 1133 537 1194 eo
575 1131 753 1213 quod
788 1131 1178 1193 interveniat
1216 1132 1320 1193 vel
1361 1147 1418 1205 c,
1461 1131 1566 1193 vel
1603 1156 1664 1211 5,
1708 1132 1812 1193 vel
1852 1155 1890 1212 ῃ
1915 1151 1930 1205 ;
1996 1131 2259 1193 tametsi
2296 1131 2492 1193 inter-

283 1212 691 1276 venientibus
722 1212 1021 1275 omnibus
1050 1212 1200 1274 hinc
1232 1211 1400 1286 inde,
1440 1212 1616 1293 quod
1649 1212 1992 1275 difficulter
2022 1212 2126 1274 vel
2157 1231 2492 1294 nunquam

283 1294 421 1356 fieri
449 1298 685 1374 potest,
718 1293 1002 1356 stetisset
1031 1293 1609 1374 correspondentia.

369 1399 579 1464 Tertia
603 1416 627 1460 .·
683 1399 842 1462 nulli
873 1418 1168 1462 consonae
1198 1399 1450 1462 licitum
1481 1404 1581 1462 est
1612 1419 1743 1462 non
1775 1399 2265 1480 correspondere
2296 1399 2491 1462 modo

281 1481 418 1561 jam
445 1480 636 1555 dicto,
667 1486 898 1561 praeter
920 1481 1246 1543 interdum
1269 1481 1510 1554 molles,
1541 1480 1621 1543 de
1646 1481 1880 1562 quibus
1904 1482 2103 1562 supra
2128 1481 2492 1544 meminisse

282 1568 558 1643 oportet,
601 1563 769 1625 sicut
805 1562 885 1624 de
922 1562 1113 1624 dictis
1149 1563 1229 1624 de
1265 1568 1610 1643 potestate,
1652 1562 1887 1642 eclipsi,
1929 1569 1997 1625 et
2032 1562 2485 1636 submersione,

280 1663 362 1706 ne
404 1644 708 1706 nimirum
750 1644 818 1705 in
863 1643 1440 1724 correspondentiis
1480 1663 1600 1706 sua
1640 1644 1742 1706 vis
1782 1663 1914 1707 non
1954 1650 2218 1707 maneat
2259 1644 2491 1725 cuique

280 1744 576 1788 consonae
597 1725 789 1804 juxta
812 1731 1169 1788 accentum.
1244 1726 1420 1787 Bene
1442 1725 1639 1806 igitur
1661 1724 2159 1806 correspondent
2184 1740 2491 1807 emetenn

280 1812 349 1868 et
386 1820 659 1885 ramea-o
698 1807 854 1886 quia
887 1806 1037 1869 licet
1073 1807 1142 1868 in
1177 1807 1387 1888 prima
1423 1807 1656 1869 vocula
1690 1812 1954 1869 co-eunt
1991 1807 2135 1870 duae
2170 1826 2484 1881 consonae,

275 1890 511 1968 nempe
543 1902 583 1952 c
613 1892 681 1949 et
715 1911 754 1951 c
785 1888 853 1949 in
886 1893 1157 1950 accentu
1189 1894 1408 1950 tamen
1440 1893 1676 1951 sonant
1706 1888 1965 1951 unicam
1996 1887 2271 1951 mollem.

363 1992 599 2074 Quarta
617 2011 646 2055 .·
716 1992 1281 2072 correspondentia
1346 1992 1617 2073 requirit
1683 1992 1947 2054 voculas
2015 1993 2354 2056 convenire
2421 1994 2490 2055 in

279 2093 547 2136 numero
600 2073 1012 2154 syllabarum,
1071 2073 1460 2154 quantitate,
1517 2080 1585 2136 et
1638 2074 1877 2148 ordine,
1935 2093 2068 2136 non
2120 2080 2341 2137 tamen
2393 2075 2492 2138 ita

279 2161 347 2218 et
397 2162 585 2218 tanto
634 2176 782 2218 cum
830 2155 1035 2237 rigore
1082 2163 1161 2219 ut
1207 2175 1503 2219 consonae
1551 2176 1682 2219 non
1731 2162 1976 2238 queant
2024 2156 2379 2237 transponi,
2411 2163 2490 2219 ut

278 2236 497 2301 videre
531 2244 632 2300 est
667 2237 736 2299 in
774 2252 1070 2318 maenam-o
1095 2243 1174 2321 *et
1211 2253 1490 2319 ratum.
