2813 4313
264 204 346 269 72
953 201 1049 266 Do
1089 201 1397 271 Prosoaia
1435 205 1506 269 H
1504 203 1796 270 abuma

343 356 474 421 Alii
523 357 647 420 hoc
704 380 1022 440 „tonnano
1076 363 1317 422 vocant
1371 381 1412 425 t:
1454 376 1773 440 tonnaffm
1831 357 2040 423 instar
2091 357 2235 439 ejus
2285 358 2482 424 datur

262 440 568 521 oweno*
625 440 1006 521 pauciorum
1060 439 1273 503 adhuc
1326 383 1743 534 syfiabarum,
1803 439 2085 522 plurium
2140 442 2294 504 vero
2351 457 2482 507 cnc-

265 539 601 602 pemmo:
679 527 748 584 et
792 520 971 584 aliud
1014 520 1226 584 adhuc
1270 541 1459 602 eujus
1501 521 1870 585 semimetra
1912 525 2215 585 constant
2260 522 2481 585 decem

266 601 550 682 syllabis,
583 602 871 697 quinque
899 603 967 665 in
993 622 1125 665 uno
1152 608 1388 685 quarto
1416 608 1484 667 et
1511 603 1797 685 quinque
1824 602 1894 666 in
1921 602 2205 668 abo—ut
2234 604 2481 668 dictum

261 688 361 746 est
390 683 471 747 de
500 680 686 746 Aodo
716 702 788 747 m
818 684 1005 747 fallor
1036 706 1179 749 mac
1208 696 1419 768 nvom,
1452 690 1570 749 ut:

997 800 1129 872 San
1173 812 1402 855 avon-oe
1439 788 1663 855 o'Aoo

997 883 1272 953 ‘parome
1312 895 1391 936 An
1436 870 1642 953 pean!

262 976 405 1039 Hoc
445 981 563 1052 est,
607 995 741 1039 non
781 974 1140 1041 obediendo
1181 974 1367 1039 Aodo
1406 977 1486 1040 eo
1527 975 1722 1039 altius
1760 992 2068 1056 gramen:
2135 979 2204 1038 in
2245 976 2482 1058 quibus

261 1057 444 1121 vides
481 1078 681 1140 quam
718 1058 1047 1140 eleganter
1082 1065 1375 1122 servetur
1453 1058 1709 1153 roprius
1744 1057 2141 1138 syllabarum
2177 1076 2482 1121 numerus

259 1146 328 1202 et
395 1146 795 1220 quartorum,
850 1160 1102 1207 necnon
1170 1158 1401 1203 concor
1473 1159 1531 1213 a,
1585 1139 2154 1221 correspondentia
2207 1145 2276 1203 et
2326 1141 2481 1203 unio

260 1219 341 1283 de
372 1221 609 1302 quibus
641 1222 861 1302 supra.

341 1329 398 1390 6.
445 1327 706 1390 Dantur
742 1332 811 1391 et
849 1327 1037 1409 plura
1074 1327 1286 1391 adhuc
1324 1346 1558 1409 genera
1594 1332 1968 1401 metrorum,
2009 1326 2116 1390 vel
2150 1328 2478 1391 rectorum

259 1406 366 1470 vel
399 1408 586 1489 quasi
618 1414 959 1483 rectorum,
999 1409 1080 1472 de
1113 1409 1352 1491 quibus
1385 1410 1541 1491 quia
1572 1408 1733 1471 raris
1767 1414 1835 1472 et
1868 1428 2001 1471 non
2034 1408 2197 1472 adeo
2230 1409 2300 1472 in
2333 1429 2475 1484 usu,

257 1494 327 1551 et
367 1489 525 1551 mihi
565 1509 698 1553 non
738 1491 1237 1565 occurrentibus
1282 1508 1697 1573 nequaquam
1735 1489 1982 1571 loquar.
2092 1491 2215 1554 His
2255 1497 2477 1554 autem

260 1569 417 1633 visis
453 1571 642 1634 facile
679 1570 1151 1653 dignoscentur,
1195 1578 1263 1636 et
1300 1573 1445 1654 ipsa
1483 1579 1551 1636 et
1589 1588 1811 1635 eorum
1849 1571 2036 1652 legas,
2081 1572 2373 1653 adeoque
2409 1579 2479 1636 te

260 1650 346 1713 ad
377 1652 682 1715 authores
712 1652 997 1727 remitt0,
1034 1660 1103 1717 et
1137 1653 1223 1720 ad
1255 1660 1551 1718 veterum
1584 1652 2030 1716 observantias
2060 1654 2390 1717 librorum.

329 1828 481 1883 *EcL
509 1828 674 1884 Rom.
711 1832 1079 1901 “unwano'’
