2813 4313
296 231 377 292 88
979 226 1075 289 Do
1115 225 1422 290 Prosodia
1461 226 1819 292 Hibernioa.

374 382 460 445 ix.
504 392 552 447 s
591 381 801 446 finalis
839 398 988 444 cum
1029 380 1159 444 alia
1199 404 1239 461 r
1279 379 1628 444 accedente
1667 387 1745 444 ut
1784 382 1852 445 in
1890 397 2161 464 star-ra
2201 384 2377 447 valet
2417 384 2503 447 ad

293 463 936 545 correspondendum‚
967 467 1186 525 stante
1211 462 1584 542 hujusmodi
1613 462 1992 545 duplicitate
2021 465 2206 528 alteri
2235 466 2502 528 dictioni

293 546 561 609 habenti
591 545 850 608 unicam
884 567 923 624 r
952 549 1029 606 ut
1058 557 1241 624 bara.
1332 544 1638 608 Similiter
1668 564 1950 609 consona
1981 546 2145 609 dura
2174 552 2243 609 et
2275 566 2502 628 aspera

293 627 790 708 correspondent
861 624 1122 706 quando
1193 625 1571 688 molliuntur
1641 626 1930 709 adeoque
2000 628 2500 709 correspondent

292 721 439 775 {oca
480 714 548 771 et
589 720 804 773 foena.
918 706 1225 770 Similiter
1266 706 1411 769 duae
1453 725 1748 773 consonae
1787 708 1962 772 leves
2002 708 2373 772 deserviunt
2416 710 2502 773 ad

294 788 916 871 correspondendum
965 788 1079 851 uni
1127 806 1424 851 consonae
1470 788 1617 862 levi,
1673 794 1749 852 ut
1797 796 1984 871 patet
2034 790 2116 853 de
2164 806 2380 857 nat-ovo
2432 797 2500 854 et

289 886 575 953 sumtum
608 872 677 934 in
707 889 983 952 quorum
1013 869 1223 950 primo
1252 869 1581 933 invenitur
1607 884 1659 935 ὀ
1691 890 1835 952 quae
1866 877 1965 934 est
1995 872 2188 934 unica
2218 892 2501 936 consona

291 953 469 1027 levis,
495 952 565 1016 in
587 951 867 1017 secundo
891 956 1112 1014 autem
1139 950 1546 1032 reperiuntur
1574 967 1646 1019 ιη
1677 972 1822 1034 quae
1848 958 2002 1025 sunt
2034 952 2177 1016 duae
2204 973 2501 1017 consonae

291 1035 480 1098 leves·
599 1033 788 1098 Unde
818 1039 1098 1096 metrum
1124 1051 1138 1094 :

776 1148 923 1205 'Oot
957 1149 1174 1202 uun-om
1215 1149 1276 1202 ni
1318 1151 1450 1203 ouo
1489 1150 1646 1220 ‘Oion
1683 1152 1836 1203 ὀωὴ

860 1229 961 1301 An
997 1234 1283 1300 sumtum
1326 1231 1470 1302 pios
1511 1243 1593 1300 Ar
1634 1235 1856 1302 mogun
1885 1220 1900 1285 1

372 1326 678 1391 Similiter
738 1325 1000 1408 quando
1038 1348 1156 1391 eoa
1217 1325 1396 1389 venit
1438 1331 1591 1406 post
1637 1331 1754 1388 aut
1801 1342 1837 1392 t
1879 1331 1997 1391 aut
2039 1351 2099 1403 n,
2149 1328 2306 1391 facit
2352 1348 2502 1392 con-

291 1427 519 1471 sonam
552 1409 786 1472 fortem
819 1413 886 1470 et
919 1407 1549 1488 correspondentiam
1582 1426 1732 1470 cum
1765 1407 1938 1481 forti,
1975 1415 2053 1472 ut
2085 1409 2254 1472 inter
2286 1412 2503 1491 majus

292 1496 359 1554 et
411 1491 626 1554 minus
676 1496 1080 1563 extremum;
1160 1488 1450 1570 adeoque
1500 1488 1650 1551 hinc
1702 1489 1933 1552 minori
1985 1497 2278 1554 extremo
2330 1516 2501 1637 uma

286 1572 451 1635 bene
498 1571 848 1634 concordat
893 1570 1110 1650 majus
1156 1577 1518 1633 extremum
1568 1585 1914 1652 rooguvoa.
2040 1571 2348 1637 Similiter
2445 1574 2498 1636 'c

288 1652 369 1716 de
397 1654 539 1735 ipso
567 1653 923 1733 respective
953 1651 1041 1713 ad
1070 1651 1229 1715 alias
1256 1651 1446 1714 leves.

286 1758 753 1903 itaxuffl
772 1756 2499 1921 13>ssae0Xssssffffiassssffltdffssfflpffmffisssssbfflasbi}

284 1941 576 2003 unquam
608 1923 735 1985 fuit
767 1927 1003 1985 natura
1034 1920 1265 1985 brevis,
1385 1921 1485 1983 De
1517 1919 1770 2002 syllaba
1803 1926 2024 1984 autem
2055 1942 2189 1986 una
2219 1894 2498 1987 bivocali

286 2003 391 2067 vel
431 2003 746 2078 trivocali‚
778 2003 995 2085 quoad
1035 2003 1475 2085 quantitatem
1515 2002 1754 2065 attinet
1798 2003 2007 2065 omnis
2045 2002 2356 2067 bivocalis
2393 2029 2492 2079 ao,

284 2108 386 2160 uA,
429 2109 527 2160 eu,
565 2090 632 2148 et
666 2108 747 2161 m,
785 2090 853 2148 et
886 2084 1096 2147 omnis
1128 2083 1457 2148 trivocalis
1488 2106 1613 2158 aot,
1652 2105 1775 2159 um,
1812 2089 1880 2147 et
1921 2107 2026 2160 tm,
2064 2092 2254 2149 erunt
2293 2086 2498 2169 longae

286 2167 696 2249 quantitatis,
729 2167 924 2248 vulgo
953 2181 1138 2247 rtgne
1166 2188 1353 2246 pena.
1439 2165 1744 2230 Similiter
1769 2165 1962 2247 longa
1988 2167 2110 2231 erit
2138 2192 2221 2233 Ae
2248 2186 2503 2250 semper

284 2254 354 2311 et
416 2249 733 2312 ordinarie
795 2248 1016 2330 excipe
1079 2248 1343 2311 voculas
1403 2246 1641 2328 quibus
1702 2247 2094 2328 adjungitur,
2160 2256 2238 2313 ut
2310 2251 2497 2314 aiunt

283 2328 566 2474 &gerni
582 2337 898 2412 tanquam
925 2352 1321 2411 cutntnrsne,
1351 2334 1431 2391 ut
1469 2351 1677 2412 sonae
1700 2335 1769 2392 et
1803 2329 2118 2393 similibus
2152 2331 2222 2394 in
2259 2332 2498 2414 quibus

434 2430 618 2475 revls.
