2813 4313
265 209 346 272 38
950 212 1046 275 De
1088 214 1391 279 Prosodid
1431 215 1500 277 H
1500 215 1789 280 ibernica.

349 366 406 427 6.
453 363 650 428 Vides
717 371 1027 460 praeterea
1094 367 1372 460 qualiter
1438 368 1507 430 in
1575 367 1802 430 eodem
1865 372 2099 448 quarto
2162 366 2470 448 reperitur

265 446 608 509 concordia
661 453 861 510 etiam
909 467 1172 541 propria
1210 449 1379 511 inter
1439 460 1661 530 mame
1714 455 1781 512 et
1826 464 2009 530 mom,
2054 454 2285 530 utpote
2325 467 2474 511 con·

266 526 685 591 cordantibus
711 528 781 591 in
806 529 1135 592 initiativa
1163 549 1461 592 consona.
1528 531 1726 594 Porro
1753 529 1937 593 vides
1963 531 2240 611 qualiter
2266 530 2470 592 finalis

266 627 550 671 consona
590 610 853 672 minoris
893 612 1165 673 extremi
1217 611 1419 674 habet
1471 612 1763 675 similiter
1815 612 2073 674 finalem
2126 629 2470 674 consonam

266 690 532 770 majoris
571 692 862 765 extremi,
908 692 1199 773 ejusdem
1258 712 1477 755 secum
1536 693 1771 767 classis,
1835 693 2068 774 nempe
2125 711 2472 754 consonam

265 771 493 846 levem,
539 772 902 866 cujusmodi
942 780 1043 836 est
1084 798 1124 855 1¹
1162 774 1525 855 utrobique.
1656 775 1825 837 Item
1865 774 2047 837 vides
2085 774 2153 836 in
2193 773 2472 835 secundo

267 859 502 933 quarto
535 854 764 935 prioris
799 855 1149 918 semimetri
1188 856 1467 949 qualiter
1502 856 1893 919 interveniat
1927 854 2269 918 concordia
2304 854 2473 916 inter

270 949 496 999 etceae
525 941 592 998 et
619 951 895 1017 ‘rt-onom,
927 936 1082 1018 quia
1107 937 1426 1017 incipiunt
1463 938 1766 1018 utrinque
1795 957 1835 999 a
1863 937 2088 1010 vocali,
2121 956 2274 998 nam
2309 934 2395 997 ad
2432 952 2472 998 ‘n

266 1035 398 1078 non
452 1017 832 1091 attenditur,
878 1018 1034 1099 quia
1085 1037 1217 1081 non
1274 1024 1373 1081 est
1427 1019 1804 1100 possessiva,
1857 1018 1974 1081 sed
2022 1016 2469 1080 accidentaria.

266 1097 465 1160 Vides
491 1104 800 1179 praeterea
820 1099 889 1162 in
909 1100 1118 1181 primo
1140 1107 1377 1194 quarto
1403 1099 1668 1162 secundi
1696 1100 2045 1163 semimetri
2067 1098 2475 1162 concordiam

266 1198 403 1242 esse
430 1179 599 1242 inter
628 1180 838 1244 στήλη
865 1187 934 1243 et
968 1197 1130 1256 uite,
1160 1181 1480 1262 incipiunt
1515 1182 1687 1244 enim
1722 1181 2026 1262 utrinque
2053 1200 2094 1243 a
2121 1180 2471 1252 vocalibus,

267 1279 384 1404 fletui:
429 1261 710 1405 officitulb
756 1262 826 1325 in
866 1262 1036 1328 0⁹5st
1077 1263 1234 1344 quia
1276 1262 1573 1326 accidens
1616 1269 1714 1326 est
1758 1268 1827 1326 et
1870 1282 2002 1327 non
2045 1261 2477 1343 possessivum

265 1361 321 1404 15
375 1361 454 1405 us
494 1361 615 1405 voc
685 1362 757 1407 ae.

348 1448 404 1513 7.
452 1447 702 1512 Rursus
764 1448 948 1512 vides
1011 1450 1225 1513 minus
1288 1456 1652 1513 extremum
1716 1449 2006 1530 ejusdem
2070 1468 2301 1529 nempe
2350 1462 2473 1513 uon

265 1529 719 1611 comprehendi
746 1531 815 1592 in
843 1531 1075 1610 majori
1104 1532 1571 1613 subsequentis
1606 1533 1837 1613 nempe
1868 1545 2110 1611 macen,
2142 1530 2213 1593 in
2242 1528 2480 1610 quibus

264 1611 647 1675 convenitur
692 1611 892 1675 etiam
938 1612 1009 1675 in
1053 1613 1348 1676 consonis
1395 1613 1713 1687 finalibuS,
1765 1613 1996 1694 nempe
2040 1637 2079 1677 n
2129 1617 2197 1674 et
2246 1636 2286 1693 1¹
2333 1628 2478 1692 quae

268 1699 421 1755 sunt
471 1693 647 1756 leves
696 1693 1112 1776 ejusdemque
1163 1694 1397 1757 classis,
1487 1694 1716 1757 Adhuc
1769 1695 1951 1756 vides
2002 1707 2104 1757 An,
2152 1698 2219 1755 et
2270 1706 2479 1756 arnam

266 1773 503 1853 habere
534 1775 837 1837 unionem
866 1781 944 1838 ut
974 1777 1174 1856 supra
1205 1775 1466 1850 dictam,
1504 1792 1774 1857 eamque
1803 1776 2063 1856 insuper
2092 1774 2478 1836 intervenire

268 1855 438 1917 inter
491 1867 714 1937 mame
762 1863 828 1919 et
876 1873 1035 1922 uste.
1175 1858 1344 1919 Item
1393 1858 1651 1919 finalem
1700 1877 2050 1919 consonam
2097 1855 2363 1935 majoris
2410 1859 2478 1916 et

269 1937 534 1999 minoris
574 1938 863 2011 extremi,
909 1939 1142 2019 nempe
1183 1939 1429 2003 voculae
1467 1955 1588 2003 ban
1634 1944 1701 2000 et
1746 1952 1970 2032 maenti
2012 1956 2146 2000 esse
2189 1935 2478 2016 ejusdem

270 2018 489 2080 classis
530 2020 761 2100 utpote
803 2019 1107 2100 utrinque
1146 2020 1326 2089 levis,
1416 2022 1736 2084 Caeterum
1782 2039 1999 2082 omnia
2041 2018 2352 2100 requisita
2394 2015 2481 2078 ad

268 2100 390 2163 hoc
429 2118 630 2181 genus
664 2101 854 2164 metri
892 2101 983 2164 ibi
1019 2102 1308 2184 reperies,
