2813 4313
260 219 300 279 6
953 210 1048 272 De
1088 211 1394 276 Prosodia
1435 212 1504 274 H
1503 210 1792 278 ibernica.

1056 365 1266 428 CAP.
1317 364 1403 427 ΙΙ.
1455 365 1637 443 [xv.].

967 491 1062 554 De
1103 493 1340 575 quartis
1381 498 1437 555 et
1478 493 1750 574 syllabis,

347 628 399 687 1.
447 625 725 686 Mettum
753 622 1071 703 complete
1099 629 1435 702 sumptum
1463 618 1655 702 vulgo
1684 646 1842 704 pann
1873 642 1987 686 seu
2016 648 2174 706 pann
2205 639 2469 698 tomum,

262 705 658 771 construitur
684 724 765 767 ex
792 702 1045 767 duobus
1070 703 1469 765 semimetris.
1536 703 1840 785 Quartum
1868 713 2142 770 vocatur
2166 707 2234 769 in
2263 712 2471 769 metro

261 806 470 852 sermo
505 792 810 849 constans
844 784 1135 866 pluribus
1171 785 1563 863 dictionibus
1597 785 2006 850 co-adunatis
2040 787 2474 858 conflantibus

266 869 767 933 determinatum
811 867 1205 948 syllabarum
1248 886 1606 931 numerum.
1739 868 2121 948 Appellatur
2164 876 2475 950 quartum

267 952 421 1032 quia
461 956 560 1012 est
600 955 836 1030 quarta
876 967 1025 1029 pars
1064 950 1254 1012 metri
1296 948 1618 1029 completi,
1665 951 1926 1013 tametsi
1968 951 2054 1012 sit
2095 951 2287 1014 unica
2327 970 2479 1031 pars

268 1052 349 1094 ex
403 1031 657 1093 duabus
709 1030 946 1111 quibus
1014 1028 1333 1093 conflatur
1398 1030 1855 1094 semimetrum.
1972 1032 2212 1095 Poema
2279 1033 2475 1113 vulgo

265 1128 396 1178 nan
456 1112 679 1176 multis
737 1117 995 1174 constat
1053 1111 1292 1183 metris,
1346 1117 1416 1173 et
1474 1118 1576 1173 tot
1637 1119 1800 1193 quot
1859 1114 2137 1177 voluerit
2196 1114 2473 1189 author;

269 1195 408 1257 aliis
441 1217 654 1259 uuam.
765 1191 1041 1275 Quando
1077 1211 1158 1254 ex
1195 1192 1449 1255 duobus
1483 1193 1865 1256 semimetris
1900 1195 2096 1275 vulgo
2135 1210 2472 1278 Leacmnn,

267 1277 627 1356 integratur
677 1281 974 1347 metrum,
1032 1274 1313 1354 primum
1364 1274 1805 1339 semimetrum
1858 1275 2163 1339 Hibernis
2233 1297 2479 1341 nuncu-

267 1364 463 1439 patur
495 1370 759 1437 reotao,
796 1355 1149 1418 secundum
1182 1356 1332 1418 vero
1366 1372 1616 1420 coma-o.

351 1466 407 1526 2.
454 1463 802 1545 Quodlibet
846 1470 1199 1525 metrorum
1244 1462 1423 1544 apud
1467 1463 1788 1527 Hibernos
1830 1465 1900 1527 in
1944 1469 2243 1545 poemate
2287 1465 2482 1529 debet

270 1546 623 1608 secundum
667 1564 734 1608 se
780 1546 1138 1625 perfeetum
1182 1544 1478 1607 claudere
1524 1564 1781 1608 sensum
1826 1553 1894 1608 et
1940 1548 2299 1611 orationem
2344 1549 2482 1612 sine

272 1627 704 1707 dependentia
741 1627 826 1688 ab
864 1626 1082 1689 altem.
1210 1626 1348 1688 Imo
1384 1627 1665 1708 primum
1701 1628 2140 1693 semimetrum
2177 1629 2482 1710 indepen-

271 1708 497 1772 denter
530 1718 588 1770 'a
637 1707 917 1771 secundo
968 1709 1326 1789 perfectum
1376 1715 1640 1788 generat
1690 1728 1989 1773 sensum:
2068 1711 2484 1775 nihilominus

271 1790 533 1872 quando
573 1810 655 1852 ex
694 1790 948 1852 duobus
985 1796 1063 1852 ut
1101 1792 1301 1871 supra
1339 1790 1660 1854 conflatur
1697 1797 1996 1865 metrum,
2029 1811 2166 1855 sese
2202 1793 2482 1856 invicem

270 1872 619 1953 respiciunt
659 1878 725 1934 et
765 1891 986 1934 eorum
1029 1890 1253 1934 sensus
1314 1872 1546 1934 mutuo
1588 1873 1953 1936 referuntur
1996 1872 2082 1935 ad
2123 1873 2294 1937 idem
2338 1894 2482 1956 pro—

271 1954 574 2034 positum.
711 1954 788 2015 In
835 1953 1295 2032 componendis
1341 1960 1563 2015 autem
1609 1954 1833 2016 metris
1880 1954 2044 2019 bene
2090 1955 2395 2038 incipitur
2444 1976 2484 2018 a

271 2035 552 2098 secundo
604 2035 971 2097 semimetro
1024 2035 1219 2114 vulgo
1275 2050 1548 2108 coma-m
1621 2041 1699 2097 ut
1750 2055 1900 2098 cum
1952 2036 2141 2116 pleno
2184 2056 2375 2100 sensu
2416 2044 2483 2099 et

272 2136 472 2180 nervo
511 2116 769 2198 gravius
807 2124 875 2180 et
913 2117 1255 2197 gratiosius
1293 2116 1430 2179 fieri
1468 2118 1671 2197 possit
1705 2117 1987 2199 primum
2022 2119 2479 2193 semimetrum,

273 2200 459 2279 eique
516 2198 865 2279 quadrare;
948 2199 1134 2278 longe
1190 2199 1431 2280 quippe
1490 2199 1806 2262 difficilius
1862 2201 1938 2261 fit
1997 2216 2227 2265 coma-o
2286 2221 2485 2282 quam

275 2296 520 2360 mota-o
555 2288 631 2343 ut
664 2281 917 2362 patebit
950 2281 1138 2343 infra.
