2813 4313
274 188 356 251 26
962 187 1058 249 De
1098 187 1404 252 Prosodia
1444 185 1514 249 H
1513 185 1803 250 ibernicd.

357 341 413 402 3.
461 340 565 404 Sic
635 340 1135 422 correspondent
1203 364 1336 422 Sao
1410 347 1477 404 et
1552 354 1666 422 ως
1738 347 2001 425 propter
2071 340 2485 406 identitatem

274 422 595 485 vocalium
647 426 716 486 et
767 423 1157 502 quantitatis
1207 431 1276 486 et
1328 422 1549 486 classis
1600 438 2043 496 consonarum,
2093 423 2195 501 cuj
2203 441 2281 486 us
2332 429 2488 486 sunt

272 525 322 567 *o
369 509 436 565 et
477 527 538 583 5.
657 504 962 567 Similiter
1007 504 1506 585 correspondent
1550 516 1899 568 ·oeacmot'o
1946 510 2014 567 et
2062 517 2370 569 teacnoro
2418 511 2486 566 et

278 599 603 663 teanpoto,
659 586 813 666 quia
862 586 1256 649 conveniunt
1305 587 1372 649 in
1423 603 1692 649 numero
1742 585 2177 666 syllabarum„
2207 586 2368 649 item
2416 586 2484 649 in

276 666 664 747 quantitate,
726 666 886 729 item
943 667 1011 729 in
1070 668 1403 730 vocalibus
1461 673 1528 730 et
1588 668 1901 739 consonis,
1965 674 2151 729 extra
2210 668 2486 748 primam

275 747 565 826 ejusdem
603 747 837 821 classiS,
882 767 1016 828 v.g.‚
1057 748 1126 811 in
1160 762 1230 821 ·o‚
1272 748 1423 812 hinc
1460 748 1611 811 inde
1648 749 1717 811 in
1757 763 1812 821 c,
1858 761 1896 812 t
1933 755 2001 812 et
2039 772 2096 827 p.
2177 748 2488 812 Similiter

275 847 389 923 per
418 829 635 892 omnia
663 829 1162 910 correspondent
1189 844 1354 912 oamx
1383 836 1451 894 et
1477 854 1640 910 saun
1673 836 1740 893 et
1767 843 1926 894 batt
1952 835 2019 893 et
2049 853 2148 893 Am
2181 836 2249 893 et
2275 840 2441 910 hang
2467 847 2482 902 ;

275 916 434 972 item
481 910 876 974 concordant
925 927 1102 984 mot),
1153 922 1321 985 Aoo,
1375 927 1550 993 mog,
1605 927 1805 984 caom,
1858 928 2060 993 raon:
2133 911 2292 974 item
2338 926 2489 973 con-

276 991 548 1055 cordant
582 1007 770 1067 boot,
811 1017 989 1073 paon,
1032 1017 1233 1067 mom,
1272 994 1452 1058 nulla
1486 993 1715 1056 habita
1749 993 1998 1057 ratione
2035 992 2481 1074 principiantis

275 1091 587 1137 consonae.

359 1183 415 1242 4.
463 1180 748 1244 Adverte
783 1200 865 1243 ex
898 1180 1194 1245 consonis
1228 1181 1545 1264 quasdam
1579 1187 1833 1245 mutare
1868 1200 2053 1243 suam
2087 1186 2481 1261 potestatem

275 1268 342 1324 et
378 1268 683 1326 naturam
721 1263 804 1325 ob
841 1264 1236 1327 consortium
1273 1264 1562 1338 aliarum,
1596 1264 1676 1326 de
1713 1262 1950 1346 quibus
1985 1269 2213 1344 postea
2247 1262 2486 1325 redibit

274 1362 501 1407 sermo.

359 1452 415 1512 5.
461 1450 1039 1531 Correspondentia
1103 1452 1300 1530 fracta
1366 1457 1467 1515 est
1536 1452 1810 1515 duarum
1876 1451 2046 1516 inter
2112 1470 2179 1514 se
2248 1470 2484 1515 vocum

276 1532 728 1595 convenientia
753 1532 820 1595 in
846 1551 1112 1595 numero
1139 1532 1534 1614 syllabarum
1560 1540 1627 1596 et
1653 1533 1974 1596 vocalium
2001 1539 2067 1595 et
2139 1533 2483 1605 uantitate,

275 1614 453 1676 nulla
483 1613 714 1675 habita
737 1615 987 1677 ratione
1013 1634 1440 1677 consonarum
1468 1614 1686 1697 quoad
1714 1614 1991 1696 speciem
2024 1634 2103 1676 ve
2154 1633 2356 1694 genus
2383 1614 2486 1676 vel

274 1695 560 1768 classem,
591 1694 705 1757 sed
730 1701 807 1759 ut
829 1714 961 1758 non
982 1701 1280 1759 constent
1302 1697 1599 1760 consonis
1620 1696 1706 1758 ad
1728 1715 1953 1759 sanam
1981 1695 2490 1759 deservientibus

276 1775 921 1857 correspondentiam.
1013 1777 1405 1857 Huiusmodi
1438 1783 1658 1842 autem
1689 1776 2251 1859 correspondentia
2281 1779 2491 1840 fracta

278 1858 512 1920 tolerat
575 1864 652 1921 ut
716 1859 1092 1922 vocularum
1134 1859 1223 1921 sic
1265 1859 1902 1940 correspondentium
1940 1859 2144 1921 altera
2183 1859 2369 1922 finiat
2420 1859 2489 1922 in

275 1940 565 2001 vocalem
608 1945 675 2001 et
719 1940 922 2003 altera
955 1939 1024 2003 in
1058 1960 1442 2004 consonam:
1508 1941 1597 2003 sic
1633 1942 1837 2004 fracte
1874 1940 2375 2020 correspondent
2405 1955 2490 2004 oa

275 2027 343 2082 et
371 2035 549 2098 ntur,
584 2021 744 2084 item
778 2045 896 2101 cnr
926 2029 995 2085 et
1026 2038 1241 2096 cuce,
1275 2023 1436 2085 item
1467 2047 1566 2087 Δοτ
1602 2028 1669 2086 et
1700 2045 1861 2102 Amr,
1896 2021 2056 2084 item
2106 2035 2371 2102 oum'rg
2420 2027 2487 2084 et

272 2117 479 2182 oaow,
517 2109 637 2166 ete.
