2813 4313
246 210 328 275 84
930 206 1025 268 De
1065 204 1371 272 Prosodid
1411 205 1709 272 Hibernia
1717 207 1775 270 a.

330 365 417 427 iii.
463 364 612 427 Non
663 364 815 426 licet
864 362 934 425 in
986 362 1191 425 altera
1241 361 1875 445 correspondentium
1926 363 2160 426 vocula
2208 363 2365 446 poni
2417 386 2459 445 r

250 446 535 528 aliquam
570 464 648 508 su
729 444 978 519 rfluam,
1017 446 1137 508 seu
1171 445 1276 508 cui
1310 463 1444 507 non
1477 444 1865 526 respondeat
1898 445 1968 507 in
2004 444 2208 508 altera
2243 443 2454 508 adhuc

251 528 380 591 alia
421 551 478 608 r,
523 546 615 590 un
660 545 697 589 e
738 526 974 589 vitium
1015 532 1115 589 est
1155 526 1225 589 in
1266 526 1561 606 sequenti
1604 545 1798 589 versu
1837 525 1907 589 in
1948 545 2078 608 quo
2121 546 2251 590 non
2293 524 2457 590 bene

250 607 747 689 correspondent
778 621 1105 688 ccanrgrvn
1134 626 1283 670 cum
1313 621 1579 690 panorm.
1664 608 2018 689 Spernatur
2044 627 2193 690 ergo
2223 608 2458 672 author

249 691 365 773 qui
403 690 634 754 cecinit
661 689 868 753 male:

657 807 999 943 ηῑῖοιοιγς
1036 816 1168 862 oon
1211 818 1498 877 cotrsrm
1541 819 1625 861 na
1667 810 1894 878 enge-—

737 891 1906 1042 nfflffifftgssssmssstgmssffssn

739 1050 864 1106 San
909 1054 1154 1124 murm
1199 1055 1465 1123 cmmne
1504 1041 1836 1123 Cnuaconl

251 1149 448 1214 —ubi
507 1148 780 1212 vitiatur
839 1147 1405 1230 correspondentia
1464 1147 1635 1213 inter
1685 1159 2019 1231 ccavrsrm
2080 1154 2149 1213 et
2210 1163 2457 1232 tuncrum

253 1232 357 1295 vel
386 1233 557 1295 certe
587 1231 759 1294 inter
787 1253 1075 1311 conrgrm
1107 1234 1175 1293 et
1207 1243 1519 1311 ton-51:1¹0.

331 1336 418 1400 iv.
464 1336 559 1401 Ut
597 1335 716 1399 fiat
753 1333 1319 1417 correspondentia
1356 1352 1640 1399 consona
1675 1332 1886 1398 mollis
1922 1334 2059 1398 sive
2097 1335 2184 1399 sit
2225 1357 2282 1410 c,
2324 1334 2461 1400 sive

252 1442 318 1498 ρ,
371 1417 508 1482 sive
557 1440 614 1491 e,
667 1415 961 1480 admittit
1008 1416 1402 1479 consortium
1450 1416 1890 1499 cujuscunque
1936 1435 2232 1480 consonae
2281 1416 2456 1480 durae

251 1500 437 1563 fortis
485 1498 591 1561 vel
637 1498 799 1561 levis
841 1497 910 1560 in
954 1517 1088 1560 una
1132 1498 1414 1561 dictione
1458 1496 2132 1580 corroemndenfim;
2204 1504 2272 1562 et
2317 1517 2462 1580 quae

251 1580 646 1645 conveniunt
698 1598 849 1642 cum
902 1578 1030 1642 alia
1082 1598 1365 1642 consona
1416 1578 1612 1654 molli,
1670 1584 1738 1643 et
1793 1579 1998 1643 altera
2048 1597 2458 1662 quacumque

250 1663 466 1745 posita
510 1662 579 1727 in
623 1661 826 1743 ipsius
869 1660 1191 1724 consortio
1236 1667 1471 1742 praeter
1516 1684 1563 1740 p
1591 1681 1606 1736 ;
1679 1660 1968 1744 adeoque
2013 1661 2178 1724 bene
2221 1679 2460 1725 corree-

250 1743 543 1826 pondent
582 1757 950 1823 reaccmum
990 1747 1059 1806 et
1099 1758 1420 1824 teanum.
1538 1742 1707 1806 Item
1741 1756 2126 1824 seon-enuit
2165 1748 2233 1807 et
2273 1765 2463 1823 rean-

251 1839 413 1909 cum.

332 1948 395 1994 v.
441 1928 717 2015 Quando
764 1946 1046 1993 consona
1099 1946 1342 2011 aspera,
1398 1930 1631 2011 nempe
1667 1945 1725 2004 e,
1763 1928 1867 1995 vel
1902 1944 1942 1996 t
1983 1928 2109 2011 (vel
2145 1930 2206 2012 p)
2247 1928 2352 1993 vel
2388 1943 2455 2010 ρ,

253 2013 358 2075 vel
400 2028 440 2093 f·
484 2011 777 2093 sequitur
816 2010 1190 2073 immediate
1233 2009 1319 2073 ad
1360 2011 1592 2085 levem,
1638 2011 1870 2092 nempe
1913 2010 1999 2074 ad
2039 2026 2101 2086 o,
2151 2027 2251 2087 tm
2276 2025 2347 2086 o,
2392 2025 2456 2092 s,

255 2111 305 2169 t,
342 2118 399 2177 ῃ,
432 2118 491 2169 n,
528 2099 684 2156 tunc
714 2091 973 2155 sonabit
1001 2092 1207 2155 instar
1235 2110 1531 2155 consonae
1559 2093 1769 2156 mollis
1797 2093 2008 2175 qualis
2035 2097 2135 2156 eet
2168 2116 2223 2168 c,
2257 2091 2362 2156 vel
2392 2117 2461 2174 ρ,

253 2177 359 2239 vel
393 2199 448 2250 c,
487 2181 564 2238 ut
599 2175 815 2239 videre
849 2179 950 2238 est
981 2175 1050 2237 in
1085 2189 1414 2255 ruccott,
1452 2175 1630 2257 quod
1661 2182 1852 2240 sonat
1885 2195 1962 2240 ac
1994 2175 2049 2242 si
2081 2175 2465 2240 scriberetur

251 2271 579 2338 ruccon-
