2813 4313
265 222 349 284 90
956 221 1051 283 De
1092 221 1397 286 Prosodid
1436 221 1505 284 H
1505 221 1794 287 ibernicd.

343 375 428 437 xi.
476 374 797 438 Bivocalis
824 398 901 440 eo
930 375 1248 439 ordinarie
1273 394 1524 456 semper
1549 376 1741 457 longa
1767 380 1884 450 est,
1917 375 2204 456 exceptis
2230 375 2475 456 paucis,

262 475 344 519 ex
384 456 621 538 quibus
661 462 761 519 est
799 471 991 530 neoc,
1035 471 1217 522 neoc.
1340 457 1664 520 Bivocalis
1708 481 1788 522 eu
1828 475 2078 537 semper
2118 457 2223 519 vel
2264 456 2480 519 brevis

261 542 363 600 est
407 537 512 600 vel
553 538 786 611 media,
835 545 1267 620 praeterquam
1310 539 1379 601 in
1427 560 1807 619 cummrgne
1851 538 2146 601 secundae
2189 557 2479 619 personae

262 623 339 681 ut
375 638 524 681 cum
562 619 706 684 dico
740 633 835 684 ὀᾹ
873 634 1238 685 mnuattcea
1273 620 1389 683 ubi
1426 620 1619 701 longa
1655 627 1770 683 est.
1874 621 2195 683 Caeterum
2233 623 2478 682 natura

262 699 476 763 brevis
530 707 629 763 est
676 701 731 763 si
781 721 911 764 non
965 702 1320 782 reperiatur
1374 702 1544 764 inter
1598 701 1922 764 bivocales
1976 702 2081 764 vel
2136 700 2481 764 trivocales

261 781 466 863 longa.
591 782 878 863 Reliquae
911 782 1233 845 bivocales
1269 782 1619 864 aliquando
1653 788 1807 847 sunt
1841 782 2085 856 breveS,
2124 781 2474 864 aliquando

260 863 482 944 longae,
506 863 832 926 interdum
852 865 1079 927 mediae
1105 885 1119 939 3
1167 864 1457 945 adedque
1477 865 1731 927 firmam
1752 884 1881 927 non
1901 864 2146 926 habent
2165 865 2471 944 regulam,

262 943 375 1007 sed
424 951 734 1025 reguntur
784 965 907 1008 usu
959 952 1027 1008 et
1079 946 1494 1009 authoritate.
1626 945 1901 1028 Quando
1955 945 2154 1008 dictio
2207 946 2352 1008 finit
2404 946 2473 1007 in

263 1045 612 1088 consonam
670 1027 906 1089 fortem
963 1028 1085 1089 erit
1143 1027 1371 1090 mediae
1430 1027 1823 1108 quantitatis
1879 1047 1960 1089 ex
2018 1034 2255 1089 natura
2312 1042 2471 1100 sua;

265 1107 528 1170 tametsi
574 1114 651 1170 ut
696 1108 850 1182 dixi,
900 1115 1110 1188 poetae
1157 1109 1420 1172 valeant
1465 1110 1846 1172 necessitate
1891 1110 1988 1172 ita
2052 1108 2479 1190 compellente

266 1208 411 1250 eam
464 1189 672 1252 facere
724 1189 999 1270 longam.
1140 1191 1385 1253 Verum
1414 1191 1701 1334 aquando
1756 1210 2050 1253 consonae
2102 1189 2477 1270 hujusmodi

264 1270 464 1332 fortes
517 1271 790 1334 veniunt
843 1272 1013 1334 inter
1068 1271 1231 1334 duas
1286 1292 1412 1334 voc
1477 1291 1546 1334 es
1599 1272 1890 1352 ejusdem
1944 1272 2188 1335 voculae
2243 1278 2481 1334 sonant

264 1351 613 1415 leviuscule
643 1357 711 1415 et
742 1352 1024 1415 breviter
1053 1359 1132 1415 ut
1166 1377 1406 1427 comne,
1448 1370 1685 1433 Lomge,
1719 1368 1955 1426 bmtte,
1990 1376 2195 1434 mnne,
2235 1375 2476 1434 campe,

263 1455 426 1507 mne,
477 1457 681 1514 rmge,
731 1440 852 1496 etc.
969 1436 1213 1497 Verum
1257 1435 1311 1496 si
1355 1454 1638 1497 consona
1681 1435 1891 1496 mollis
1934 1435 2348 1515 subsequitur
2392 1433 2477 1496 ad

262 1514 636 1594 hujusmodi
667 1516 904 1578 fortem
932 1516 1001 1578 in
1031 1517 1175 1590 fine,
1211 1516 1463 1598 syllaba
1493 1522 1649 1578 tunc
1680 1516 1802 1578 erit
1831 1515 2060 1578 mediae
2090 1515 2480 1597 quantitatis

263 1601 341 1658 ut
383 1620 654 1676 rpongc,
702 1602 821 1659 ete.

346 1702 454 1763 xii.
501 1702 797 1765 Consona
847 1702 1009 1765 levis
1062 1703 1325 1765 veniens
1378 1709 1533 1766 ante
1585 1722 1933 1766 consonam
1986 1701 2263 1775 mollem,
2321 1702 2479 1764 item

262 1782 474 1844 mollis
550 1784 814 1846 veniens
877 1790 1029 1847 ante
1087 1785 1296 1851 levem
1356 1785 1741 1847 anteriorem
1799 1785 2117 1865 syllabam
2195 1783 2478 1846 reddunt

262 1863 526 1926 brevem
567 1865 689 1927 nisi
732 1864 983 1946 syllaba
1025 1865 1105 1928 de
1147 1885 1215 1928 se
1258 1866 1344 1928 sit
1387 1872 1624 1928 natura
1665 1866 1873 1946 longa,
1921 1871 1999 1927 ut
2041 1889 2181 1946 unc,
2231 1881 2473 1946 rgottc,

266 1960 578 2026 mummi-o.
703 1947 999 2010 Consona
1047 1953 1268 2009 autem
1317 1948 1480 2010 dura
1527 1954 1679 2010 ante
1725 1948 1936 2009 levem
1981 1947 2197 2028 posita
2243 1966 2475 2028 praece-

266 2027 529 2089 dentem
565 2027 881 2108 syllabam
919 2028 1050 2092 imo
1086 2035 1236 2108 post
1273 2030 1433 2091 facit
1470 2029 1860 2109 quantitatis
1895 2028 2139 2102 mediae,
2179 2034 2257 2090 ut
2297 2041 2470 2109 bons,

263 2116 463 2189 Cxog,
517 2114 661 2183 ete„
715 2109 1003 2204 exceptis
1049 2110 1274 2192 paucis
1319 2117 1398 2174 ut
1446 2124 1677 2193 bap-ou,
1729 2124 2067 2192 omns-oen.
2188 2110 2483 2174 Consona

266 2196 486 2253 autem
538 2190 701 2253 dura
752 2211 1015 2255 vemens
1065 2198 1217 2255 ante
1266 2192 1479 2255 levem
1529 2193 1912 2255 anteriorem
1963 2191 2298 2273 syllabam,
2354 2191 2477 2252 nisi

267 2272 463 2334 fuerit
498 2276 739 2335 natura
771 2272 980 2354 longa,
1021 2274 1179 2336 facit
1212 2274 1495 2348 brevem,
1534 2281 1611 2337 ut
1647 2298 1866 2355 mgna,
1905 2296 2087 2354 Agna,
2126 2279 2246 2335 ete.
