2813 4313
272 264 349 325 18
954 257 1049 320 De
1090 253 1396 320 Prosodid
1436 255 1506 319 H
1504 254 1793 321 ibernica.

265 416 528 498 Quium,
578 415 682 479 vel
728 421 804 479 ut
850 411 1333 478 substantivum
1396 409 1573 494 quod
1634 410 1703 472 in
1764 407 2051 491 genitivo
2110 406 2352 489 regitur
2397 403 2482 467 ab

269 498 394 561 alio
428 498 840 561 substantivo
875 496 1079 568 finiat,
1118 500 1214 567 ut,

873 614 947 667 m
995 616 1257 683 cotnom
1305 612 1538 680 cogam
1581 599 1889 664 ‘Omma—-

267 710 480 783 Sexto,
531 710 633 772 vel
678 715 754 773 ut
799 708 1070 771 verbum
1115 706 1403 771 activum
1448 706 1634 768 finiat
1677 709 1826 787 post
1873 701 2332 774 accusativum,
2379 704 2474 771 ut,

711 826 811 895 Ar
847 829 1145 896 bneagoa
1182 839 1260 878 an
1298 828 1461 878 bean
1503 836 1645 892 rom
1689 828 1998 876 tottam—-

267 920 572 1001 Septimo,
599 921 800 983 velut
822 920 1308 983 substantivum
1328 920 1397 982 in
1420 910 1791 981 accusativo
1813 915 1998 979 finiat
2019 920 2168 998 post
2190 913 2478 987 verbum,

267 1008 345 1065 ut
788 1095 862 1148 Υιῑ
905 1098 1122 1149 ῡθοῡΔ
1163 1098 1322 1151 Laoc
1365 1099 1627 1161 toiceAr
1670 1103 1875 1146 mnam
1903 1099 1916 1112 ·

349 1215 405 1274 6.
453 1212 679 1294 Neque
735 1212 986 1292 eclipsis
1059 1231 1176 1275 nec
1249 1212 1604 1292 aspirativa
1655 1228 1715 1286 n,
1776 1230 1983 1294 neque
2039 1208 2311 1273 nudatio
2365 1211 2486 1272 sen

269 1292 991 1374 obtenebratio-vulgo
1016 1317 1077 1356 ut
1120 1307 1365 1374 otugao
1395 1293 1476 1356 de
1495 1295 1632 1377 qua
1657 1294 1873 1374 supra,
1897 1312 2105 1373 neque
2125 1305 2483 1372 retmtugao

269 1394 476 1456 neque
516 1389 744 1440 tomas>
781 1376 871 1437 im
955 1375 1054 1437 dit
1137 1395 1256 1438 ane
1293 1375 1719 1447 concordiam,
1760 1375 1883 1436 nisi
1917 1375 1984 1436 in
2021 1373 2439 1455 sequentibus
2464 1392 2479 1445 ς

269 1456 531 1536 quando
586 1457 827 1519 scilicet
909 1457 1067 1518 ‘tera
1109 1474 1148 1519 n
1194 1457 1487 1537 sequitur
1538 1456 1912 1518 immediate
1956 1455 2043 1518 ad
2087 1480 2133 1534 p
2177 1462 2245 1517 et
2288 1454 2483 1516 efficit

268 1543 345 1600 ut
373 1538 679 1600 efferatur
704 1538 910 1600 instar
937 1561 993 1616 p,
1020 1544 1087 1600 et
1114 1538 1203 1599 sic
1230 1537 1420 1601 litera
1447 1562 1485 1617 p
1514 1538 1635 1599 erit
1660 1538 1924 1600 initialis
1952 1537 2215 1599 alterius
2241 1536 2486 1597 voculae

269 1618 720 1682 concordantis
751 1638 900 1681 cum
935 1619 1215 1682 dictione
1246 1619 1592 1699 incipiente
1627 1637 1733 1698 pn,
1770 1624 1846 1680 ut
1880 1618 2097 1681 videre
2129 1623 2229 1680 est
2262 1618 2331 1679 in
2361 1617 2484 1678 hoc

273 1707 547 1780 quarto:

758 1792 1053 1848 neormam
1095 1796 1252 1846 nuic
1295 1806 1394 1846 mo
1439 1796 1762 1861 pheacaffl
1805 1780 1990 1860 pem!

268 1911 537 1992 Quoties
570 1915 791 1972 autern
825 1925 865 1972 n
902 1911 1195 1992 sequitur
1229 1910 1315 1972 ad
1348 1928 1698 1972 consonam
1734 1934 1772 1989 p
1808 1910 2052 1973 voculae
2086 1910 2483 1972 initiativam

270 1992 464 2053 toties
491 1991 601 2053 illa
629 2010 912 2053 consona
941 2015 979 2070 ς
1008 2010 1139 2053 non
1167 1993 1290 2054 erit
1320 2011 1465 2073 quae
1494 1992 1651 2054 facit
1679 1991 2105 2065 concordiam,
2132 1991 2247 2054 sed
2274 1992 2483 2072 prima

268 2073 457 2219 ἕξει-ει
489 2073 886 2155 subsequens
921 2072 1007 2135 ad
1041 2098 1079 2153 ς
1115 2073 1204 2135 sic
1241 2074 1595 2156 aspiratam
1629 2093 1743 2137 seu
1776 2073 2235 2136 mortificatam
2270 2093 2384 2154 per
2417 2090 2476 2144 n,

839 2246 1078 2319 Uagam
1121 2252 1296 2304 team
1341 2261 1382 2302 Δ
1426 2252 1605 2318 tuit
1646 2238 1882 2319 eume!

272 2343 385 2407 ubi
432 2359 468 2408 ι,
508 2344 577 2406 in
624 2358 800 2408 team
850 2349 917 2406 et
965 2359 1001 2408 ι,
1041 2343 1110 2405 in
1155 2357 1337 2423 tune
1381 2344 1629 2408 faciunt
1673 2343 2080 2406 concordiam
2123 2341 2487 2406 similitudi-

272 2425 540 2499 nariam,
580 2425 760 2488 nulla
793 2425 1023 2487 habita
1056 2426 1306 2488 ratione
1341 2426 1529 2489 istius
1565 2442 1662 2506 pn.
1788 2426 1958 2488 Item

857 2541 1095 2612 Uagam
1139 2546 1314 2596 team
1359 2554 1401 2595 Α
1447 2545 1628 2610 tune
1670 2532 1903 2611 tme—

269 2635 462 2698 -ubi
499 2651 535 2700 ι,
563 2635 633 2698 in
666 2649 846 2715 tune
879 2641 946 2699 et
982 2651 1018 2700 t
1048 2636 1117 2699 in
1151 2637 1300 2717 Luce
1332 2636 1663 2719 propriam
1696 2636 1947 2700 faciunt
1980 2637 2407 2702 concordiam.
