2813 4313
278 234 359 296 82
962 233 1058 296 De
1098 233 1404 298 Prosodid
1445 233 1514 296 H
1512 231 1802 295 ibernicd.
1826 233 1843 245 “

360 390 415 454 7.
462 388 567 450 Ad
618 387 990 469 hujusmodi
1044 388 1453 453 concordiam
1508 408 1657 452 cum
1711 407 1995 451 consona
2049 412 2089 467 r
2141 385 2490 468 requiritur

279 472 345 535 in
386 471 513 534 alia
553 471 784 534 vocula
823 471 1114 534 similiter
1154 496 1193 550 r
1233 471 1562 533 initiativa
1602 468 2203 550 indispensabiliter,
2249 488 2367 530 nec
2409 485 2486 546 γὴ

282 554 367 635 (r)
421 553 769 615 concordat
817 572 966 615 cum
1016 577 1072 631 r,
1125 552 1240 615 sed
1286 571 1436 615 cum
1485 569 1563 632 γὴ
1613 551 1905 614 similiter
1945 551 2330 631 incipiente;
2371 569 2489 611 nec

279 650 358 714 rt
389 634 512 697 nisi
548 652 696 696 cum
733 649 825 712 rt,
867 653 986 696 nec
1023 658 1100 713 γη
1138 634 1262 696 nisi
1297 653 1447 696 cum
1483 658 1582 713 γη,
1622 653 1738 695 nec
1776 656 1856 714 rt*
1891 632 2014 694 nisi
2049 651 2198 695 cum
2235 655 2333 712 ηπ.
2423 630 2489 694 Si

278 721 500 778 tamen
535 734 690 778 casu
727 715 1061 796 contingat
1099 714 1277 796 quod
1313 739 1352 793 r
1388 714 1718 777 initiativa
1754 714 2000 776 voculae
2036 713 2364 794 sequentis
2402 712 2489 774 ad

278 797 621 860 articulum
672 821 772 870 an,
828 802 904 859 ut
956 821 1034 860 an
1091 810 1274 876 cruit
1322 802 1636 869 taceatur,
1720 800 1941 858 tamen
1992 800 2069 857 ut
2121 793 2483 866 concordet,

276 898 344 942 re
391 879 546 941 uirit
567 878 636 940 in
658 878 862 940 altera
883 877 1116 940 vocula
1138 903 1178 958 r
1199 878 1612 950 initiativam,
1641 877 1799 939 alias
1821 876 2164 939 vitiabitur
2184 881 2483 938 metrum.

420 965 613 1022 antur
657 959 956 1040 quaedam
1001 978 1295 1022 consonae
1342 978 1486 1040 quae
1533 958 1619 1021 ad
1663 959 2057 1021 consortium
2104 957 2368 1020 alterius
2415 957 2483 1017 in

275 1040 526 1123 syllaba
554 1046 816 1103 mutant
846 1060 1031 1103 suam
1060 1048 1363 1103 naturam
1393 1046 1460 1103 et
1491 1045 1830 1104 accentum
1859 1045 1937 1102 ut
1965 1059 2121 1102 mox
2152 1039 2452 1101 dicemus,
2532 1066 2537 1070 ·

355 1152 410 1211 8.
458 1147 634 1210 Alias
669 1146 753 1209 do
788 1147 1038 1228 regulas
1072 1166 1190 1228 pro
1225 1144 1842 1227 correspondentiis:

353 1246 394 1310 i.
440 1246 545 1307 Ad
575 1245 1204 1325 correspondentiam
1235 1264 1365 1307 non
1398 1244 1548 1307 licet
1580 1244 1680 1306 uti
1711 1262 1844 1306 una
1874 1261 2158 1306 consona
2188 1242 2480 1323 simplici,

276 1328 395 1390 nisi
444 1325 935 1408 correspondeat
987 1326 1045 1388 ei
1094 1327 1311 1407 aliqua
1358 1327 1589 1388 saltem
1639 1345 1722 1387 ex
1770 1344 1890 1388 sua
1936 1324 2154 1397 classe,
2209 1325 2347 1386 sive
2397 1324 2483 1386 sit

271 1409 430 1489 ipsa,
489 1409 625 1472 sive
679 1408 805 1470 alia
856 1407 1147 1488 ejusdem
1200 1407 1436 1480 elassis,
1494 1407 1591 1469 ita
1643 1413 1720 1469 ut
1773 1406 1935 1468 levis
1987 1406 2485 1486 correspondeat

273 1491 630 1571 cuicunque
658 1490 804 1562 levi,
840 1508 1066 1569 aspera
1096 1508 1352 1569 asperae,
1388 1495 1458 1565 et
1488 1487 1781 1551 similiter
1811 1488 1891 1550 de
1923 1487 2079 1550 aliis.

352 1590 415 1652 ii
463 1591 557 1654 Ut
608 1589 797 1652 detur
846 1587 1411 1669 correspondentia
1459 1607 1589 1650 non
1640 1588 1987 1667 requiritur
2036 1592 2114 1649 ut
2165 1587 2282 1649 fiat
2331 1586 2482 1648 hinc

273 1671 420 1734 inde
461 1671 630 1734 inter
657 1670 870 1751 plures
892 1688 1206 1732 consonas
1231 1675 1521 1749 repertas
1549 1669 1922 1731 immediate
1950 1669 2017 1730 in
2040 1688 2173 1729 una
2200 1668 2485 1730 dictione

272 1772 471 1834 quam
514 1753 683 1815 inter
726 1751 888 1813 duas
931 1770 1079 1812 cum
1123 1751 1249 1813 alia
1294 1750 1581 1813 dictione
1637 1751 1890 1812 etiamsi
1927 1770 2009 1812 ex
2044 1750 2200 1829 ipsis
2233 1768 2365 1812 una
2397 1749 2484 1811 sit

270 1834 455 1897 fortis
475 1839 542 1896 et
563 1833 769 1895 altera
785 1831 963 1905 leviS,
989 1831 1278 1913 adeoque
1299 1831 1463 1895 bene
1483 1839 1550 1894 et
1571 1831 1958 1895 sufficienter
1978 1829 2486 1912 correspondent

272 1929 539 1997 pogmap
578 1921 646 1978 et
686 1928 1049 1995 govmgtan.
