2813 4313
348 219 430 280 48
1024 215 1133 278 ,De
1173 213 1480 280 prosodia
1509 214 1878 281 flebam

385 368 725 514 ‘81leth
785 386 1126 450 pergamus
1184 367 1272 435 ad
1329 367 1641 433 ultimum
1699 368 1898 450 hujus
1954 367 2322 443 semimetri,
2386 366 2562 450 quod

348 469 440 514 Sic
527 470 567 513 a
705 470 719 513 :

838 559 998 631 Sam
1040 562 1169 613 teo
1211 572 1275 628 η*
1313 562 1463 630 gam
1499 562 1793 630 geimeat
1828 572 2054 631 ngonm
2085 549 2100 612 !

348 678 417 773 in
448 697 577 772 quo
617 678 798 742 vides
829 683 1078 760 septem
1114 684 1376 741 tantum
1413 678 1553 742 dari
1587 678 1886 760 syllabas,
1914 678 2213 774 ultimam
2249 679 2561 772 praeterea

350 760 699 854 daemonem
777 779 913 822 esse
992 760 1518 855 monosyllabam·
1583 761 1847 824 omnino
1925 766 2415 855 convenientem
2492 780 2561 822 1n

351 847 721 923 quantltate
758 848 825 904 et
859 860 1061 938 δορα,
1075 842 1208 904 imo
1242 848 1310 936 et
1345 843 1523 905 finah
1558 861 1840 905 consona
1872 842 2001 906 levi
2036 842 2282 905 ultlmae
2317 841 2561 935 voculae

349 922 2560 1149 &3333353312313313522‚fffflfiinzepssffipimgffssffifflaensissffi

351 1105 470 1148 as
523 1104 650 1148 nen
696 1105 814 1148 oa
893 1105 915 1148 1
962 1105 1238 1149 eniae

432 1193 489 1254 9.
537 1190 768 1253 Adhuc
811 1189 993 1253 vides
1035 1196 1110 1252 ut
1151 1190 1499 1271 requiritur
1540 1189 1680 1254 dari
1722 1190 2130 1255 concordiam
2170 1210 2302 1254 non
2341 1190 2561 1254 simili-

351 1272 763 1345 tudinariam,
815 1270 930 1334 sed
976 1271 1303 1359 propriam
1349 1273 1520 1335 inter
1566 1273 1825 1336 finalem
1873 1273 2171 1337 voculam
2217 1296 2441 1354 ngonm
2492 1279 2561 1335 et

349 1353 775 1435 penultimam
801 1368 1106 1433 gennem„
1226 1354 1556 1435 Incipiunt
1587 1355 1759 1417 enim
1789 1374 1830 1417 a
1859 1373 2140 1417 consona
2167 1379 2210 1435 g
2241 1360 2559 1435 tanquam

350 1436 610 1516 propria
663 1442 730 1498 et
784 1434 1066 1515 positiva
1118 1435 1456 1518 utriusque
1511 1456 1660 1499 cum
1712 1461 1751 1500 n
1808 1436 2067 1517 propria
2120 1456 2252 1498 non
2306 1436 2391 1499 sit
2445 1436 2562 1498 sed

350 1517 713 1579 adventitia
750 1517 996 1579 ultimae
1035 1516 1296 1579 voculae.
1423 1518 1743 1580 Praeterea
1780 1518 1963 1580 vides
1999 1518 2104 1580 hic
2145 1517 2284 1580 dari
2324 1535 2560 1579 corres-

348 1598 770 1678 pondentiam
831 1604 906 1660 ut
963 1598 1201 1678 requiri
1262 1596 1599 1661 docuimus
1656 1600 1808 1679 Cap.
1875 1599 2077 1672 XVI„
2140 1599 2311 1662 inter
2365 1612 2562 1664 noan,

350 1679 540 1760 primi
599 1678 816 1760 quarti
873 1679 1070 1760 hujus
1128 1679 1498 1760 posterioris
1555 1680 1904 1744 semimetri
1963 1687 2031 1743 et
2087 1694 2235 1761 5511*
2292 1679 2560 1743 secundi

350 1760 566 1841 quarti
606 1760 913 1840 ejusdem,
957 1780 1206 1822 necnon
1245 1760 1415 1825 inter
1452 1776 1813 1844 noeigftean
1851 1769 1918 1825 et
1954 1775 2257 1842 getmeat.
2389 1761 2562 1823 Item

347 1842 518 1904 inter
546 1855 716 1922 ree-o
747 1848 814 1904 et
844 1855 973 1907 ceo
1002 1841 1070 1904 in
1097 1840 1341 1905 iisdem.
1457 1843 1548 1906 Et
1562 1844 1666 1920 ‚sic
1696 1844 1913 1905 omnia
1941 1844 2296 1907 necessaria
2323 1841 2410 1906 ad
2435 1843 2560 1905 hoc

347 1942 550 2003 genus
586 1924 776 1986 metri
816 1924 952 2004 jam
991 1930 1325 1986 enumerat
1365 1924 1823 1989 interveniunt.
