2813 4313
315 255 400 317 34
1000 251 1096 314 De
1136 250 1444 316 Prosodid
1482 251 1552 315 H
1550 250 1839 315 ibernicd.

405 408 497 469 13.
545 407 712 471 Sunt
756 407 868 489 qui
913 426 1031 489 pro
1075 430 1260 486 amur
1306 405 1599 470 faciendo
1646 411 1899 487 ponunt
1944 429 1985 470 Δ
2029 404 2115 467 ad
2158 422 2525 485 correspon-

319 488 602 551 dendum
652 489 859 551 vocali
911 513 965 553 e.
1103 489 1230 552 Sed
1277 490 1463 551 raro:
1542 508 1659 551 nec
1707 488 1827 550 hos
1874 488 1944 551 in
1991 486 2115 549 hoc
2163 486 2359 549 laudo
2409 504 2525 546 nec

317 569 668 633 imitandos
722 576 902 651 put0‚
962 569 1117 650 quia
1170 589 1300 632 non
1355 570 1519 633 bene
1574 574 1931 632 consonant
1986 568 2219 649 utpote
2272 566 2528 630 subtilis

315 671 464 714 cum
506 652 702 732 larga,
751 651 866 714 sed
909 653 1157 714 faciunt
1201 651 1683 713 dissonantiam.
1800 663 1893 723 οι,
1941 650 2010 712 in
2053 649 2303 729 syllaba
2345 647 2526 711 brevi

317 733 476 797 facit
516 757 702 813 amur
743 736 861 796 seu
901 739 1214 796 consonat
1255 752 1403 796 cum
1445 756 1504 797 m
1548 732 1840 795 similiter
1881 731 2080 804 brevi,
2114 737 2190 793 ut
2231 730 2300 792 in
2342 743 2527 810 cpovc

319 821 385 877 et
441 829 622 895 ‘punc
675 821 1032 878 consonant
1073 834 1355 895 namque
1396 815 1702 895 utrinque
1743 813 2067 876 subtiliter
2119 818 2185 875 et
2231 818 2423 874 sonat
2463 835 2522 875 οι

318 895 496 1039 quoa}
528 919 586 960 ω
617 917 632 971 ;
692 897 834 959 loco
867 895 1238 978 hujusmodi
1273 920 1459 975 amur
1493 896 1657 958 bene
1690 900 1907 976 potest
1943 893 2259 957 deservire
2291 910 2526 955 corres-

317 997 448 1059 pon
495 978 688 1041 entia.

1117 1154 1295 1218 CAP.
1340 1153 1418 1218 V.
1469 1154 1719 1233 [xviii.].

925 1282 1020 1344 De
1063 1291 1249 1346 metro
1291 1283 1592 1348 Hibernis
1632 1299 1919 1349 petoroe.

400 1409 453 1469 1.
501 1406 718 1487 Hujus
772 1408 1017 1487 generis
1072 1407 1513 1471 semimetrum
1568 1410 1836 1490 requirit
1892 1416 1970 1473 ut
2025 1412 2308 1492 primum
2381 1412 2525 1492 ejus

315 1494 622 1570 quartum
667 1489 851 1551 finiat
895 1489 963 1550 in
1008 1489 1306 1552 voculam
1352 1510 1496 1570 quae
1541 1491 1628 1554 sit
1670 1491 1885 1554 minus
1928 1498 2291 1557 extremum
2330 1495 2525 1574 vulgo

321 1595 480 1651 mnn.
601 1569 967 1633 Secundum
1016 1573 1171 1634 vero
1221 1572 1513 1651 ejusdem
1548 1573 1901 1636 semimetri
1933 1581 2240 1655 quartum
2275 1575 2525 1638 desinat

313 1652 383 1714 in
421 1653 692 1714 alteram
731 1652 1030 1715 voculam
1069 1672 1213 1733 quae
1253 1653 1338 1715 sit
1376 1653 1592 1734 majus
1630 1661 2010 1718 extremum.

398 1762 454 1822 2.
502 1760 850 1842 Quodlibet
875 1767 1183 1841 quartum
1207 1760 1519 1841 cujusque
1544 1760 1893 1824 semimetri
1918 1763 2207 1844 postulat
2232 1768 2525 1825 constare

314 1848 562 1923 septem
607 1841 887 1922 syllabis
936 1861 1067 1904 non
1112 1842 1402 1921 pluribus
1447 1861 1563 1904 nec
1608 1843 2017 1923 paucioribus
2060 1844 2127 1906 in
2171 1846 2519 1917 scansione,

315 1930 391 2017 ut
442 1925 595 1985 ante
646 1924 894 1985 dictum
943 1929 1060 1996 est,
1114 1924 1249 1985 sive
1298 1924 1690 1986 interveniat
1740 1925 1915 1987 elisio
1967 1926 2238 2007 alicujus
2286 1927 2525 1988 vocalis

314 2025 452 2067 sive
493 2024 641 2066 non.

395 2114 450 2175 3.
500 2112 788 2175 Primum
819 2112 1017 2193 hujus
1048 2111 1294 2193 generis
1326 2112 1786 2187 semimetrum,
1822 2113 2017 2195 vulgo
2051 2128 2316 2195 reowo,
2353 2114 2526 2178 ultra

311 2196 525 2257 minus
563 2201 629 2256 et
666 2194 795 2273 maj
804 2214 881 2256 us
919 2201 1298 2269 extremum,
1343 2202 1410 2258 et
1451 2196 1699 2257 dictum
1736 2197 1804 2257 in
1843 2197 2093 2277 quartis
2131 2196 2525 2277 syllabarum

310 2295 668 2348 numerum,
723 2276 933 2337 adhuc
983 2277 1251 2357 requirit
1301 2277 1370 2338 in
1421 2277 1710 2357 quolibet
1761 2284 2160 2357 quartorum,
2213 2278 2391 2340 illam
2444 2277 2523 2340 de

313 2359 450 2438 qua
477 2376 672 2438 supra
700 2357 834 2418 dixi
863 2358 1288 2431 concordiam,
1322 2357 1426 2420 vel
1455 2359 1780 2439 propriam
1808 2359 1913 2420 vel
1941 2358 2524 2421 similitudinariam

312 2439 410 2501 ita
434 2445 510 2501 ut
536 2439 604 2500 in
630 2444 906 2520 utroque
933 2446 1168 2519 quarto
1193 2440 1384 2521 primi
1410 2440 1759 2503 semimetri
1787 2441 1872 2502 ad
1897 2441 2111 2503 minus
2134 2441 2525 2503 interveniat

311 2519 847 2593 similitudinaria,
900 2521 1250 2600 elegantior
1297 2528 1518 2583 autem
1566 2522 1733 2583 foret
1779 2522 2055 2602 propria,
2105 2522 2221 2584 sed
2267 2522 2524 2603 propria

311 2620 563 2682 semper
615 2602 778 2665 citra
828 2602 1156 2665 licentiam
1207 2602 1555 2684 requiritur
1604 2603 1672 2664 in
1725 2604 1974 2684 quartis
2025 2602 2287 2686 secundi
2338 2604 2524 2666 semi-

312 2684 521 2757 metri,
552 2684 792 2747 scilicet
829 2685 998 2747 inter
1035 2684 1334 2747 ultimam
1372 2685 1590 2766 quarti
1629 2685 1927 2747 voculam
1965 2691 2032 2747 et
2070 2685 2265 2747 aliam
2301 2686 2524 2747 imme-

311 2764 489 2828 diate
522 2767 1005 2848 praecedentem‚
1044 2766 1149 2830 vel
1184 2767 1369 2848 quasi
1402 2765 1776 2830 immediate
1810 2773 1878 2830 et
1912 2767 2102 2830 valde
2137 2767 2434 2829 vicinam.
