2813 4313
288 165 373 229 92
973 164 1070 228 De
1110 164 1418 232 Prosodid
1457 163 1526 227 H
1526 162 1817 229 ibernioa.

368 316 500 381 xiii.
544 327 593 384 S
625 317 971 412 praeposita
1003 318 1362 401 cuicunque
1395 317 1866 401 praecedentem
1899 317 2220 400 syllabam
2254 318 2502 383 voculae

287 398 356 461 in
384 400 521 481 qua
548 406 667 473 est,
699 400 825 462 msi
851 400 939 462 sit
967 402 1209 465 natura
1234 400 1445 483 longa,
1478 400 1637 464 facit
1665 401 1928 465 brevem
1956 408 2034 464 ut
2065 417 2264 482 ton-g,
2300 424 2501 481 cetrc,

287 486 409 543 etc.
555 481 873 545 Praeterea
931 481 1182 563 syllaba
1240 481 1457 545 brevis
1514 483 1739 546 evadit
1795 482 2012 545 media
2070 482 2504 564 subsequente

289 580 573 625 consona
629 561 758 626 levi
818 568 971 626 ante
1028 582 1379 627 consonam
1438 582 1732 646 asperam
1790 564 1896 626 vel
1956 588 1995 643 r
2052 569 2131 628 ut
2192 578 2500 638 mancum,

288 658 558 722 mnnrm.
701 644 871 708 Item
922 663 1205 708 consona
1256 663 1486 727 aspera
1537 645 1883 727 praeposita
1933 645 2062 708 levi
2117 645 2504 711 anteriorem

288 724 611 807 syllabam
642 725 857 790 reddit
890 724 1171 801 brevem,
1208 732 1286 791 ut
1321 741 1524 809 eicne,
1561 742 1832 809 umento,
1870 733 1991 790 etc.

370 823 502 886 xiv,
549 823 814 904 Syllaba
847 823 1237 906 quantitatis
1269 824 1500 889 mediae
1532 824 1781 888 nullam
1815 824 2120 906 praecedit
2153 842 2502 888 consonam

290 905 412 969 sim
458 905 647 968 licem
705 908 826 970 seu
882 906 1142 969 unicam
1202 913 1436 987 praeter
1493 907 1700 970 solam
1760 931 1839 972 m.
1927 907 2250 971 Caeterum
2308 906 2500 969 lectio

291 1006 427 1132 {ign
454 991 972 1133 ffitmus
1022 992 1091 1052 te
1143 987 1404 1053 docebit
1459 1008 1604 1071 quae
1657 987 1971 1053 Romams‘
2010 988 2236 1069 procul
2277 988 2506 1069 positis

373 1176 429 1238 9.
476 1173 667 1239 Addo
685 1175 846 1238 alias
864 1175 1075 1239 adhuc
1094 1175 1345 1259 regulas
1363 1194 1482 1258 pro
1499 1175 1859 1250 concordia,
1883 1181 1950 1240 et
1968 1175 2100 1239 sint
2118 1181 2458 1259 sequentes
2484 1194 2498 1238 :

371 1273 411 1337 i.
459 1273 758 1337 Deservit
790 1292 1210 1355 quaecumque
1243 1274 1486 1337 vocalis
1517 1273 1603 1336 ad
1634 1273 2042 1337 concordiam
2073 1272 2503 1335 intervenien-

292 1354 445 1421 dam
496 1354 668 1418 inter
719 1353 984 1418 voculas
1033 1354 1230 1418 modo
1281 1354 1625 1429 initiative,
1683 1362 1752 1419 et
1803 1355 2076 1436 propriae
2129 1354 2504 1419 vocularum

288 1436 491 1501 literae
531 1436 852 1519 principes
888 1437 1020 1499 sint
1059 1436 1330 1511 vocaleS,
1373 1442 1451 1500 ut
1491 1436 1646 1499 alibi
1683 1436 2177 1500 insinuaveram.

370 1534 434 1599 ii.
480 1535 549 1600 Si
592 1535 678 1599 ad
716 1534 1114 1599 initiativam
1153 1534 1410 1599 literam
1452 1559 1493 1616 p
1527 1541 1843 1618 sequatur
1876 1553 1936 1609 n,
1974 1540 2133 1597 tunc
2165 1533 2506 1597 concordia

289 1636 421 1682 non
470 1616 833 1761 attenditur
879 1635 1077 1699 penes
1126 1640 1165 1699 p
1213 1616 1328 1681 sed
1378 1636 1576 1701 penes
1623 1635 2077 1701 quamcunque
2124 1615 2502 1680 immediate

288 1718 529 1781 sequen
561 1717 682 1763 em.

369 1797 457 1861 iii.
502 1809 591 1864 sn
645 1817 778 1861 non
830 1795 1183 1861 concordat
1235 1796 1357 1860 nisi
1412 1816 1561 1860 cum
1615 1796 1820 1859 altera
1872 1813 1970 1875 ru,
2027 1814 2236 1878 neque
2290 1820 2329 1875 r
2381 1794 2504 1859 nisi

289 1899 439 1943 cum
475 1904 532 1959 r,
570 1878 968 1943 concordant
1005 1903 1104 1960 rs,
1150 1893 1247 1960 rb,
1288 1903 1410 1958 rm,
1450 1902 1557 1959 ro.
1661 1879 1833 1943 Item
1868 1901 1966 1961 1⁶11,
2007 1892 2101 1956 rt,
2141 1902 2238 1958 ru.
2341 1877 2504 1943 Con-

290 1959 518 2025 cordat
549 1978 635 2040 pn
666 1979 817 2024 cum
847 1977 954 2039 pn,
988 1980 1236 2024 necnon
1266 1980 1417 2024 cum
1447 1985 1504 2042 p.
2280 2006 2283 2010 »

373 2060 459 2123 iv.
506 2058 782 2142 Quando
822 2059 1169 2140 eclipsatur
1207 2058 1474 2123 initialis
1514 2058 1759 2123 voculae
1798 2057 1987 2121 litera
2032 2057 2328 2138 (excepta
2367 2056 2506 2121 sola

291 2142 353 2237 p)
396 2141 575 2206 haud
612 2140 928 2223 eclipsans
963 2140 1079 2206 sed
1116 2141 1428 2223 eclipsata
1463 2139 1588 2206 erit
1626 2160 1771 2223 quae
1810 2137 2005 2205 debet
2036 2138 2508 2204 concordare—-

290 2243 382 2288 sle
418 2222 813 2288 concordant
847 2238 1008 2289 beon
1048 2229 1117 2287 et
1154 2238 1535 2297 mouncmtt,
1577 2227 1698 2286 etc.

372 2341 436 2385 v.
481 2321 882 2386 Adverbium
929 2322 1126 2402 vulgo
1173 2335 1584 2404 ianmoeanta
1630 2340 1762 2384 non
1809 2316 2013 2412 servit
2059 2338 2271 2401 neque
2285 2400 2299 2414 .
2319 2318 2505 2414 obest

291 2423 500 2499 ψ
562 2403 827 2547 met
870 2403 1494 2549 ffimdam
1574 2401 2172 2548 &adtinget
2203 2400 2506 2545 reatu

290 2485 903 2631 fflffiffirdafr'e
932 2572 1010 2630 ut
1042 2566 1196 2629 alibi
1219 2566 1478 2669 *dictum
1492 2503 1592 2629 Ῑῖιῗ,
1625 2590 1725 2631 mo
1760 2569 1827 2628 et
1856 2532 2012 2629 nos
