2813 4313
266 230 350 294 80
950 228 1046 291 De
1085 228 1392 294 Pmsodia
1432 229 1501 292 H
1500 228 1791 293 ibernica.

349 380 405 439 4.
453 377 497 441 S
556 376 846 440 omnium
903 377 1200 458 princeps
1256 377 1380 441 sibi
1438 397 1571 442 non
1629 377 1922 441 admittit
1981 397 2208 458 parem
2266 397 2476 459 neque

268 458 557 532 similem,
588 478 799 552 neque
826 458 1083 522 affinem
1110 478 1318 553 neque
1345 460 1691 541 cognitam,
1722 478 1930 541 neque
1957 459 2157 522 ullam
2187 459 2477 553 ejusdem

272 558 489 603 secum
534 539 770 613 classis,
820 540 1082 603 tametsi
1126 555 1589 622 cujuscumque
1634 560 1928 603 consonae
1972 546 2366 604 consortium
2410 560 2479 602 1n

271 620 498 684 eadem
523 620 791 703 syllaba,
821 621 995 685 unde
1020 622 1089 684 in
1114 628 1322 686 metro
1349 642 1499 687 cum
1525 622 1703 687 nulla
1729 623 1863 686 alia
1887 622 2045 686 facit
2072 622 2478 688 concordiam

270 702 394 767 nisi
428 720 578 769 cum
613 702 740 765 alia
775 727 813 783 r
848 709 926 767 ut
962 702 1210 767 dictum
1227 730 1230 735 ·
1246 709 1361 768 est.

354 824 410 882 5.
456 821 634 883 Nota
665 820 841 915 quod
872 845 930 885 m
962 821 1032 882 in
1063 822 1308 885 voculis
1337 822 1568 884 finiens
1595 841 1741 885 raro
1771 822 2131 885 constituat
2161 821 2478 904 syllabam

270 902 547 982 longam,
581 902 704 964 nisi
735 902 805 964 in
833 902 1235 984 paucissimis
1264 903 1533 984 signatis
1561 924 1679 985 pro
1709 904 1915 984 longis
1945 910 2022 967 ut
2053 917 2236 977 mam,
2273 917 2476 967 acaum

271 983 377 1046 vel
403 998 542 1048 cam
572 1003 586 1058 ;
642 984 776 1047 imo
800 1003 1093 1046 consonae
1119 985 1318 1047 fortes
1342 985 1411 1047 in
1437 985 1563 1049 fine
1589 986 1833 1048 voculae
1858 985 2174 1049 ordinarie
2197 985 2479 1048 mediam

270 1065 551 1129 retinent
575 1065 1014 1146 quantitatem
1033 1066 1100 1127 in
1121 1072 1393 1129 accentu
1420 1067 1702 1130 mediam
1727 1067 1995 1149 inquam
2020 1066 2192 1131 inter
2218 1067 2480 1130 brevem

270 1152 338 1209 et
370 1146 646 1227 longam,
686 1152 763 1210 ut
798 1146 958 1210 alias
989 1147 1328 1210 insinuavi.

354 1245 629 1327 Quando
664 1262 703 1309 ὴ
741 1247 1032 1328 sequitur
1066 1245 1438 1310 immediate
1474 1246 1560 1310 ad
1596 1272 1661 1328 ρ,
1703 1253 1866 1315 tunc
1903 1264 1990 1328 pn
2026 1254 2218 1311 sonat
2253 1246 2479 1310 eodem

273 1345 534 1407 prorsus
578 1327 775 1390 modo
823 1347 954 1409 quo
981 1330 1043 1408 s
1077 1327 1254 1409 apud
1301 1328 1586 1403 Latinos,
1640 1328 1928 1425 adeoque
1975 1330 2044 1395 in
2091 1336 2301 1392 metro
2348 1348 2479 1392 non

273 1408 482 1471 solum
525 1431 563 1488 1.-
604 1428 753 1471 cum
797 1433 836 1488 ‘p
876 1409 992 1473 sed
1030 1410 1291 1491 insuper
1331 1427 1419 1489 pn
1461 1429 1610 1473 cum
1651 1434 1692 1491 ς
1733 1412 1890 1474 facrt
1931 1410 2356 1486 concordiam,
2401 1416 2479 1474 ut

272 1489 489 1555 videre
521 1496 621 1556 eet
652 1490 721 1553 in
752 1490 1045 1573 sequenti
1077 1497 1313 1574 quarto
1343 1492 1536 1556 metri
1563 1511 1578 1556 z

760 1617 1056 1674 &ornam
1098 1622 1255 1673 'ome
1297 1632 1398 1675 mo
1444 1621 1726 1689 pemmo
1770 1608 1957 1689 pem!

357 1741 413 1801 6.
459 1736 838 1820 Quotiesum
884 1757 965 1800 ue
1005 1754 1045 1801 n
1089 1737 1380 1818 sequitur
1422 1735 1509 1802 ad
1550 1761 1589 1816 p
1630 1737 1700 1800 in
1740 1736 1926 1801 initio
1969 1735 2274 1801 dictionis
2313 1736 2483 1800 inter

276 1838 475 1899 quam
506 1825 574 1882 et
607 1819 800 1882 aliam
879 1819 1028 1882 ebet
1050 1818 1442 1883 intercedere
1473 1819 1831 1892 concordia,
1868 1818 2236 1883 nullatenus
2268 1824 2481 1881 atten-

276 1901 453 1965 ditur
487 1900 573 1964 ad
606 1924 647 1981 1:
682 1901 786 1963 vel
818 1917 878 1973 h,
917 1899 1032 1964 sed
1066 1899 1152 1963 ad
1186 1899 1685 1980 subsequentem
1717 1900 1989 1973 literam,
2028 1900 2165 1964 sive
2199 1918 2482 1963 consona

274 1982 361 2045 sit
388 1983 525 2045 sive
552 1982 809 2054 vocalis,
842 1988 920 2045 ut
948 1982 1102 2045 talis
1130 1981 1329 2044 dictio
1356 1981 1701 2048 concordet
1729 2001 1879 2045 cum
1906 1981 2111 2046 altera
2137 1981 2482 2062 incipiente

276 2063 361 2126 ab
401 2064 619 2144 aliqua
656 2063 865 2127 vocali
902 2063 1211 2137 similiter,
1255 2063 1359 2126 vel
1398 2069 1838 2127 consona--ut
1878 2062 2030 2126 alibi
2072 2062 2321 2129 dictum
2358 2068 2477 2136 est,

275 2151 352 2210 ut
382 2145 599 2210 videre
629 2151 728 2210 est
756 2144 826 2209 in
858 2145 1151 2228 sequenti
1181 2151 1456 2228 quarto:

842 2272 1082 2343 tagam
1124 2277 1299 2328 team
1344 2284 1384 2326 Δ
1427 2275 1606 2342 tuat
1647 2262 1883 2344 Omne!

274 2376 468 2440 —ubi
502 2383 767 2459 propter
801 2393 838 2443 ι
867 2377 938 2471 in
975 2393 1160 2471 team·
1188 2383 1255 2472 et
1293 2394 1330 2444 ι
1360 2377 1430 2439 in
1467 2392 1647 2472 pute
1681 2397 1812 2440 non
1847 2376 2150 2473 obstante
2188 2391 2244 2457 t,
2286 2375 2482 2470 datur

275 2461 563 2553 perfecta
586 2459 943 2532 concordia,
974 2465 1165 2522 s1cut1
1201 2464 1371 2522 1nter
1408 2474 1444 2524 t
1476 2478 1545 2522 1n
1581 2474 1761 2542 tuve
1796 2463 1863 2522 et
1901 2474 1937 2525 ι
1969 2478 2038 2521 in
2076 2460 2224 2540 Lite
2264 2463 2488 2540 quarti

275 2546 602 2622 sequentls
626 2590 639 2603 ⁹
844 2633 1082 2707 tagam
1124 2638 1298 2690 team
1342 2644 1384 2687 Δ
1426 2637 1605 2705 tute
1647 2622 1836 2704 tire!
1880 2714 1887 2720 ἱ

278 2726 355 2786 ut
386 2720 550 2786 alias
581 2719 733 2786 dixi.
