2813 4313
304 182 382 244 14
986 180 1082 244 De
1123 181 1428 246 Pmsodid
1467 180 1537 244 H
1537 180 1826 246 ibernicd.

382 334 438 394 2.
486 333 643 395 Haec
696 337 918 396 autem
970 332 1310 396 concordia
1363 340 1463 396 est
1518 333 1775 415 duplex,
1833 333 2091 415 propria
2144 332 2386 396 scilicet
2438 339 2507 395 et

299 411 838 486 similitudinaria,
895 414 1092 494 vulgo
1142 426 1477 496 pion-uum
1533 421 1602 477 et
1650 439 1816 479 amm
1868 429 2114 496 gnon-e
2244 415 2369 476 Pro
2415 414 2513 478 ria

302 494 540 559 dicitur
562 495 672 556 ina
699 497 833 578 qua
861 494 1004 559 duae
1030 496 1275 559 ultimae
1302 497 1547 559 voculae
1575 497 1847 577 alicujus
1873 495 2089 579 quarti
2115 514 2348 558 concor
2481 500 2512 556 t

302 576 498 638 modo
539 576 674 657 jam
719 577 910 639 dicto.
1040 576 1573 640 Similitudinaria
1616 584 1853 649 autem,
1901 580 2036 658 qua
2080 577 2223 641 duae
2266 576 2512 639 voculae

304 657 577 739 alicujus
635 657 851 738 quarti
909 658 1304 723 concordant
1364 659 1643 740 quidem,
1708 659 1829 722 etsi
1887 679 2019 722 non
2078 659 2208 722 sint
2268 657 2513 721 ultimae

302 737 505 820 ipsius
556 738 884 803 dictiones.
1024 740 1415 834 Exemplum
1463 741 1667 803 habes
1716 739 2069 805 concordiae
2122 739 2393 821 propriae
2446 737 2524 820 in·

306 820 1018 965 silnguliitisdissuafftorum
1077 821 1258 884 allati
1319 822 1455 902 jam
1525 821 1731 885 metri.
1844 821 2235 903 Exemplum
2294 825 2514 882 autem

306 920 339 964 s
527 922 574 965 u
688 921 835 965 anae
877 921 1133 983 accipe:

657 1027 890 1109 'O'tnon
934 1041 1165 1108 cosmo
1212 1042 1617 1110 commtceun
1659 1040 1986 1108 floccAm:

306 1154 916 1218 ——similitudinariae
993 1155 1165 1219 enim
1239 1156 1435 1218 modo
1510 1156 1645 1237 jam
1723 1155 2043 1238 explicato
2119 1156 2514 1220 concordant

309 1251 540 1318 cosm-o
606 1242 673 1299 et
740 1252 1145 1319 commtceup
1207 1237 1601 1317 incipientes
1671 1243 1811 1300 esto
1874 1257 2005 1301 non
2069 1238 2201 1301 sint
2265 1238 2510 1301 ultimae

308 1319 622 1381 dictiones
677 1318 910 1400 quarti,
966 1318 1101 1382 imo
1155 1325 1232 1382 ut
1288 1319 1378 1381 sic
1434 1319 1822 1384 concordent
1877 1318 1999 1381 hac
2057 1318 2518 1382 concordantia

305 1419 637 1465 necessum
666 1406 766 1463 est
795 1420 927 1463 non
957 1401 1089 1463 sint
1118 1400 1379 1464 ultimae.

390 1508 446 1569 3.
494 1505 778 1568 Adverte
832 1512 1054 1569 autem
1107 1506 1285 1587 quod
1338 1506 1718 1569 adverbium
1770 1525 2107 1588 nunquam
2161 1506 2320 1569 facit
2367 1524 2518 1568 con·

308 1587 594 1650 cordiam
628 1607 745 1650 nec
780 1587 994 1669 ipsum
1027 1587 1318 1668 impedit.
1441 1588 1746 1651 Similiter
1779 1608 1988 1670 neque
2022 1586 2518 1668 corresponden-

308 1669 472 1732 tiam
507 1668 828 1731 facit-de
855 1671 991 1750 qua
1016 1669 1479 1750 infra-neque
1513 1668 1803 1750 impedit,
1834 1689 2043 1752 neque
2070 1669 2286 1750 majus
2310 1674 2517 1731 extre-

308 1769 489 1813 mum
520 1770 729 1832 neque
760 1750 991 1824 minus,
1028 1770 1236 1832 neque
1269 1751 1581 1825 unionem,
1620 1751 1699 1813 de
1731 1751 1969 1833 quibus
1999 1751 2186 1825 infra,
2226 1769 2517 1832 unquam

307 1831 664 1895 constituit.
