2813 4313
257 165 341 228 36
945 163 1038 225 De
1081 164 1385 228 Prosodid
1426 165 1495 227 H
1494 163 1783 228 ibernicd.

343 320 399 381 4.
445 316 812 382 Secundum
890 318 1043 381 vero
1122 318 1563 382 semimetrum
1641 319 1788 399 plus
1866 317 2079 382 adhuc
2156 316 2467 399 exposcit,

261 400 492 481 nempe
515 405 593 463 ut
618 399 866 462 nullum
890 399 977 463 sit
1001 400 1271 463 verbum
1297 401 1402 462 vel
1440 418 1675 463 nomen
1698 399 1767 463 in
1792 398 2023 463 ultimo
2047 398 2190 480 ejus
2213 404 2467 494 quarto,

261 487 495 563 praeter
552 480 767 561 majus
827 487 1205 555 extremum,
1251 480 1356 544 cui
1419 500 1550 544 non
1611 499 1820 545 cortes
1905 480 2106 544 ndeat
2166 480 2344 544 ahud
2403 480 2474 542 in

263 562 566 626 anteriori
604 560 894 642 ejusdem
934 568 1167 643 quarto
1194 582 1209 637 ;
1267 563 1424 644 quia
1462 562 1711 626 nullum
1749 563 1830 625 de
1876 569 1944 626 et
1981 581 2119 626 esse
2156 562 2226 625 in
2264 560 2475 644 primo

308 649 498 707 uarto
532 642 905 724 hujusmodi
940 643 1203 707 secundi
1240 643 1608 719 semimetri,
1650 645 1755 707 vel
1790 644 2062 707 verbum
2098 643 2203 706 vel
2238 661 2475 706 nomen

290 725 346 788 si
399 724 722 806 exceperis
771 738 1010 806 uptam
1066 731 1134 788 et
1186 725 1401 790 minus
1453 726 1838 806 extremum)
1896 725 2002 789 cui
2054 743 2187 788 non
2238 742 2475 788 corres-

264 804 549 887 pondeat
592 804 869 869 alterum
903 805 973 869 in
1008 807 1304 888 sequenti
1342 813 1579 888 quarto
1615 807 1923 887 ejusdem.
2048 805 2204 869 Dixi
2239 824 2477 869 nomen

265 887 370 951 vel
390 887 679 961 verbum,
705 887 860 968 quia
879 886 1047 951 inter
1066 889 1203 951 haee
1225 895 1293 951 et
1314 889 1553 952 similes
1572 888 1837 951 voculas
1856 907 1987 950 non
2008 892 2473 970 computantur

265 968 575 1032 adverbia
602 968 707 1031 vel
736 968 1006 1043 articuli,
1040 976 1117 1033 ut
1147 969 1312 1033 alias
1340 970 1493 1033 dixi
1611 970 1710 1034 Sit
1739 969 2145 1052 exemplum:

593 1075 806 1155 Osmc
844 1098 933 1140 'oo
973 1088 1036 1141 ῡὶ
1081 1099 1163 1156 as
1208 1088 1433 1158 mame
1476 1091 1658 1158 mom,

672 1167 809 1220 nae
851 1180 1012 1237 ecus
1056 1173 1281 1223 eiceac
1320 1159 1428 1223 n'a
1466 1172 1739 1240 ‘rt-onom,

674 1238 822 1317 teir
861 1252 986 1320 nan
1023 1240 1193 1305 b'An,
1229 1262 1358 1304 oon
1401 1256 1546 1305 uste
1583 1254 1726 1313 ban,

674 1330 898 1386 Anum
942 1335 1064 1385 aec
1109 1332 1332 1402 mame
1375 1335 1616 1402 matan-

350 1450 406 1510 5.
456 1446 587 1511 Ubi
640 1446 902 1528 insuper
952 1466 1282 1511 necessum
1337 1456 1438 1512 est
1490 1454 1567 1512 ut
1621 1449 1975 1512 concordiae
2028 1447 2242 1512 ultimi
2294 1447 2481 1513 semi-

265 1530 458 1592 metri
493 1529 626 1591 sint
659 1530 933 1610 propriae
968 1535 1036 1592 et
1071 1550 1202 1593 non
1236 1531 1787 1594 similitudinariae.
1911 1530 2183 1593 Declaro
2219 1531 2476 1592 omnia:

265 1609 463 1674 Vides
516 1611 572 1673 si
628 1612 1064 1674 numeraveris
1120 1612 1457 1692 quodlibet
1515 1619 1824 1693 quartum
1880 1616 2130 1694 septem
2186 1616 2482 1674 constare

266 1691 549 1773 syllabis,
604 1710 736 1753 non
785 1693 1078 1773 amplius
1135 1694 1312 1756 facta
1361 1695 1694 1757 scansione
1742 1699 1820 1756 ut
1869 1692 1938 1755 in
1988 1693 2198 1774 primo
2247 1699 2481 1773 quarto

267 1774 449 1837 allati
485 1773 623 1853 jam
660 1773 1027 1848 semimetri,
1069 1775 1137 1836 in
1175 1794 1305 1856 quo
1342 1776 1695 1839 intervenit
1731 1775 1908 1838 elisio
1945 1774 2115 1838 inter
2147 1786 2210 1838 oi
2252 1779 2319 1836 et
2356 1797 2437 1867 45
2464 1793 2477 1867 ξ

166 1862 177 1868 ’
268 1854 451 1918 vides
502 1861 812 1936 praeterea
863 1856 1077 1918 minus
1128 1863 1491 1919 extremum
1545 1856 1723 1938 quod
1773 1855 2107 1919 exceditur
2159 1875 2201 1918 a
2250 1875 2379 1934 ma]
2388 1875 2484 1918 ori

269 1943 336 1998 et
385 1955 535 1999 cum
583 1935 810 1998 eadem
859 1938 1229 2017 quantitate
1277 1938 1695 2020 ejusdemque
1742 1937 1975 2019 speciei
2023 1938 2288 2017 syllabae
2334 1955 2484 1999 con·

269 2018 554 2080 tineatur
594 2017 664 2079 in
704 2018 937 2097 majori
980 2024 1268 2082 extremo
1294 2039 1310 2094 ;
1379 2040 1536 2084 nam
1576 2021 1666 2083 sic
1712 2035 1878 2101 mom
1919 2017 2485 2100 comprehenditur

267 2097 337 2161 in
355 2112 628 2193 ‘rt-onom.
735 2098 933 2164 Vides
951 2107 1261 2184 praeterea
1281 2102 1560 2183 qualiter
1578 2101 1648 2165 in
1668 2099 1894 2165 eodem
1915 2106 2150 2183 quarto
2171 2100 2486 2183 reperitur

269 2180 611 2244 concordia
658 2182 858 2244 etiam
911 2184 1170 2264 propria
1210 2184 1380 2248 inter
1426 2196 1649 2267 mame
1696 2190 1764 2247 et
1816 2198 1999 2266 mom,
2052 2189 2286 2264 utpote
2332 2202 2482 2245 con-

270 2262 691 2326 cordantibus
728 2263 798 2326 in
835 2264 1165 2329 initiativa
1204 2285 1502 2329 consona.
