2813 4313
333 225 415 288 46
1014 221 1110 284 De
1149 220 1456 286 Prosodia
1495 221 1564 284 H
1562 220 1855 287 ibernica.

659 388 772 459 Cn*
812 389 1021 459 δάμω
1061 399 1144 457 Ar
1180 389 1432 458 5ηὰωο
1474 376 1576 441 ἰω
1613 389 1859 451 bomo,

740 469 977 523 Όῡηᾼῡ
1021 472 1150 539 Δῃῡ
1193 481 1234 522 Δ
1272 472 1531 539 wrote„
1573 481 1841 540 conm—

742 550 902 622 SAm
941 562 1025 604 ιω
1066 554 1236 619 rceo
1278 562 1319 603 Δ
1357 553 1555 604 noant
1591 562 1675 604 ιω.
1714 552 2092 620 ποθιεγέεᾼῃ,

744 632 902 703 §Am
944 635 1072 686 teo
1115 644 1179 700 ιγ
1216 634 1364 701 gam
1403 634 1695 701 germem.
1731 644 1956 701 ngonm
1988 621 2001 682 !

419 754 475 814 6.
523 751 773 813 Rursus
815 750 939 812 hoc
987 755 1294 831 quartum
1340 750 1486 813 finit
1532 751 1602 813 in
1649 749 1998 814 dictionem
2042 764 2266 815 oona-o
2314 755 2549 830 utpote

337 831 772 914 bissyllabam,
800 831 1088 913 adeoque
1122 831 1245 894 hoc
1281 837 1590 913 quartum
1622 831 1824 896 habet
1858 851 1940 896 ex
1975 851 2042 895 se
2078 832 2296 894 omnia
2330 849 2546 893 neces-

337 913 507 977 saria
547 912 633 976 ad
669 913 946 994 primam
987 911 1404 975 medietatem
1444 913 1634 994 primi
1674 914 2041 976 semimetri.
2169 913 2357 975 Nunc
2398 931 2549 992 ergo

339 1014 562 1060 eamus
592 994 678 1057 ad
703 995 977 1057 alteram
1006 1014 1151 1075 quae
1179 995 1269 1057 sic
1298 994 1532 1057 habet:
1599 1008 1821 1058 ὀὐπᾼύ
1853 1008 1981 1075 awo
2004 1018 2045 1059 Δ
2062 1009 2318 1075 n-nbten
2345 1018 2549 1076 conm,

339 1077 410 1139 in
459 1096 591 1157 qua
638 1074 822 1138 vides
868 1081 1117 1156 septem
1166 1075 1465 1157 syllabas,
1516 1075 1816 1138 ultimam
1866 1078 2019 1139 vero
2067 1075 2366 1138 voculam
2416 1093 2553 1137 esse

341 1156 851 1238 monosyllabam
888 1175 1137 1219 necnon
1174 1156 1583 1219 concordiam
1621 1156 1760 1220 dari
1796 1157 1965 1220 inter
2001 1171 2130 1239 Ano
2169 1163 2236 1220 et
2271 1170 2548 1237 n-mcev,

344 1241 423 1304 eo
461 1237 639 1319 quod
673 1237 987 1320 incipiant
1023 1238 1328 1319 utrinque
1367 1238 1451 1300 ab
1490 1261 1531 1302 Δ
1568 1244 1635 1301 et
1673 1262 1691 1302 ι
1734 1238 2082 1311 vocalibus,
2124 1263 2163 1301 n
2205 1238 2445 1331 quippe
2482 1238 2553 1299 in

339 1335 596 1401 n-ibcep
640 1338 772 1381 non
817 1325 917 1381 est
963 1320 1223 1400 propria
1268 1319 1371 1381 vel
1418 1319 1794 1400 possessiva,
1845 1319 1959 1381 sed
2006 1318 2438 1382 accidentaria
2484 1324 2553 1381 et

341 1402 514 1464 mere
551 1401 839 1474 casualis,
883 1400 1092 1481 qualis
1127 1420 1261 1463 non
1296 1400 1570 1481 impedit
1608 1420 1816 1481 neque
1855 1400 2135 1464 deservit
2173 1400 2258 1462 ad
2295 1418 2555 1462 concor-

342 1483 536 1556 diam,
570 1488 648 1544 ut
679 1481 832 1544 alibi
862 1481 1158 1544 diximus.
1275 1482 1411 1544 Nec
1443 1480 1620 1544 aliud
1647 1483 1995 1563 requiritur
2020 1483 2126 1544 hic
2159 1482 2244 1544 ad
2273 1482 2557 1563 primum

346 1563 605 1643 seudnae
637 1564 1094 1626 semimetrum.

429 1671 484 1734 7.
530 1669 958 1731 Transeamus
996 1667 1191 1731 modo
1231 1667 1318 1731 ad
1354 1667 1637 1750 primum
1676 1669 1938 1732 secundi
1977 1670 2326 1733 semimetri
2366 1688 2558 1750 quar-

343 1757 488 1814 tum
530 1749 707 1831 quod
746 1750 836 1813 sic
875 1749 1115 1813 habet:

759 1885 918 1956 55¹1*
956 1897 1041 1939 ηΔ
1082 1887 1252 1953 ‘scen
1294 1896 1336 1938 Δ
1374 1887 1570 1939 noan.
1606 1896 1691 1938 nc.
1729 1889 2172 1957 noetgtean—

346 2005 459 2069 ubi
511 2004 785 2068 observa
834 2011 983 2068 octo
1036 2011 1298 2068 tantum
1368 2004 1755 2067 intervenire
1807 2003 2089 2085 syllabas
2139 2010 2221 2067 et.
2258 2005 2561 2068 ultimam

349 2087 648 2150 voculam
673 2106 809 2150 esse
844 2086 1282 2168 bissyllabam,
1311 2092 1379 2149 et
1404 2085 1813 2148 concordiam
1846 2087 2119 2167 reperire
2156 2087 2327 2149 inter
2365 2101 2563 2152 ινοᾹιι

346 2177 415 2233 et
447 2184 825 2251 noetgteap,
866 2188 997 2230 non
1032 2175 1296 2250 propter
1327 2193 1366 2231 n
1403 2168 1749 2249 utrobique
1783 2174 2107 2248 repertam
2142 2188 2288 2249 quae
2321 2170 2563 2232 nullius

345 2257 447 2314 est
470 2251 755 2332 positiva
777 2250 881 2314 vel
904 2251 1180 2344 propria,
1209 2256 1441 2329 utpote
1465 2249 1723 2329 utrique
1750 2248 2127 2323 adventitia,
2158 2248 2273 2312 sed
2296 2256 2564 2331 propter

348 2354 398 2397 ὀ
428 2351 572 2413 quae
598 2338 666 2394 et
691 2331 956 2395 initiahs
982 2338 1083 2397 ost
1108 2338 1176 2394 et
1207 2350 1323 2412 pro
1370 2331 1462 2393 rie
1489 2330 1771 2411 positiva
1798 2331 2136 2393 ambarum
2159 2331 2554 2394 vocularum

350 2414 599 2475 Rursus
648 2413 1030 2476 observatur
1077 2431 1308 2474 concor
1359 2412 1420 2473 ‘a
1466 2411 1535 2473 in
1582 2411 1705 2474 hoc
1755 2417 1990 2491 quarto
2039 2413 2208 2475 inter
2257 2412 2561 2475 ultimam

349 2494 649 2558 voculam
701 2500 766 2557 et
820 2494 1014 2556 aliam
1067 2493 1469 2566 anteriorem,
1526 2491 1703 2573 quod
1752 2511 2003 2586 semper
2053 2500 2152 2555 est
2204 2513 2557 2568 necessum,

351 2576 541 2669 sicuti
594 2576 792 2669 etiam
843 2575 912 2637 in
965 2574 1194 2637 ultimo
1247 2581 1483 2655 quarto
1533 2574 1797 2637 secundi
1849 2575 2217 2649 sem1metri‚
2274 2582 2351 2638 ut
2405 2575 2563 2637 alibi

351 2676 837 2722 msmuavmms,
