2813 4313
255 244 336 306 22
939 238 1035 302 De
1075 238 1381 303 Prosodid
1421 238 1779 303 Hibernicd.

335 394 392 454 9.
438 391 616 454 Nota
655 396 876 453 tamen
915 388 1094 469 quod
1133 413 1190 453 m
1232 389 1376 452 raro
1415 389 1538 451 nisi
1576 390 1645 452 in
1685 389 1812 453 fine
1851 392 2095 455 voculae
2122 393 2210 455 sit
2247 390 2456 472 longa,

255 481 333 537 ut
365 474 434 536 in
470 496 630 545 cam,
672 495 832 535 mam
862 490 877 544 ;
937 471 1068 532 imo
1101 471 1245 532 raro
1277 470 1400 531 hoc
1435 471 1576 551 ipso
1612 472 1875 536 effertur
1907 472 2095 554 longe
2129 474 2282 554 quia
2316 490 2465 535 con-

255 574 426 619 sonae
495 553 1056 618 fortes—maxime
1122 551 1581 615 finales—sunt
1647 554 1874 616 mediae
1942 554 2331 636 quantitatis
2396 553 2465 616 in

301 635 805 708 renunciatione,
866 632 1093 696 mediae
1148 634 1417 715 inquam
1473 640 1550 696 ut
1606 638 1805 714 supra
1861 637 2031 700 inter
2084 637 2343 717 longam
2398 639 2466 697 et

255 657 536 782 Brevem.
667 715 929 778 Revoca
993 717 1062 777 in
1128 723 1416 777 mentem
1486 715 1663 797 quod
1725 736 1922 798 supra
1984 716 2321 779 docuimus
2384 715 2464 778 de

257 799 627 881 quantitate
664 797 944 878 syllabae,
986 796 1179 875 vulgo
1216 808 1377 875 rine,
1411 815 1619 879 quam
1672 796 1808 859 dixi
1861 798 2195 879 triplicem,
2235 798 2468 877 nempe

255 880 516 961 longam
545 878 825 951 brevem,
859 886 926 942 et
955 877 1254 951 mediam,
1289 877 1483 957 vulgo
1512 899 1700 955 pava,
1732 891 1939 960 seam«
1968 885 2035 943 et
2068 893 2422 943 meaoonac
2448 896 2462 951 ;

256 962 406 1025 h'inc
437 961 630 1041 longa
659 961 828 1033 linea
860 959 1124 1041 ponitur
1156 977 1352 1038 supra
1381 971 1523 1036 oar,
1563 973 1699 1040 nor,
1738 969 1881 1034 ete„
1919 961 2054 1024 sine
2088 961 2221 1042 qua
2256 961 2466 1022 forent

259 1044 503 1115 breves,
553 1049 630 1106 ut
674 1055 816 1121 oar,
869 1065 1007 1121 por,
1056 1054 1198 1118 nor,
1249 1058 1446 1121 supra
1491 1059 1636 1119 quae
1680 1042 1860 1104 nulla
1906 1063 1990 1124 ap
2076 1042 2256 1105 nitur
2298 1040 2470 1104 linea

259 1124 599 1204 designans
637 1122 1075 1203 quantitatem
1112 1122 1372 1200 longam
1411 1121 1515 1184 vel
1552 1122 1850 1185 mediam.
2033 1126 2219 1186 erum
2255 1122 2470 1186 media

259 1205 593 1287 quantitas
621 1204 933 1266 denotata
959 1223 1072 1284 per
1097 1203 1334 1264 lineam
1360 1222 1493 1265 non
1520 1201 1681 1266 adeo
1707 1204 1968 1284 longam
1994 1224 2185 1285 super
2210 1203 2468 1284 imposi-

260 1294 400 1350 tam
426 1286 639 1348 medio
667 1284 951 1366 quodam
978 1290 1197 1347 tractu
1222 1285 1504 1357 effertur,
1534 1303 1666 1347 non
1692 1286 1860 1349 sicut
1885 1286 2078 1367 longa
2104 1287 2208 1349 vel
2234 1284 2464 1357 breviS‚

259 1367 374 1432 sed
413 1366 679 1432 brevius
721 1385 920 1447 quam
960 1365 1170 1445 longa,
1218 1371 1284 1427 et
1326 1365 1583 1445 longius
1625 1386 1823 1448 quam
1866 1368 2096 1440 breviS,
2143 1374 2220 1430 ut
2266 1379 2466 1440 caune,

256 1465 471 1531 gent,
509 1464 703 1523 nonu,
744 1462 946 1528 reang
983 1448 1062 1510 de
1097 1447 1335 1528 quibus
1371 1447 1582 1510 adhuc
1618 1448 1855 1511 redibit
1891 1468 2115 1512 sermo,
