2813 4313
242 228 323 293 96
920 226 1015 291 De
1055 226 1361 292 Prnsodia
1399 229 1471 291 H
1469 228 1756 293 ibunicd

318 383 600 465 Quinta:
654 402 803 446 cum
832 382 1140 447 adverbio
1168 400 1523 479 nunquam·
1533 383 1612 447 fit
1639 383 2202 479 correspondentia
2229 403 2437 464 neque

234 485 367 527 una
402 484 533 527 vox
567 464 1056 545 correspondere
1092 470 1310 545 potest
1345 465 1523 528 sibi
1505 466 1628 547 ipsi
1663 465 1785 528 nisi
1822 465 2082 546 quando
2118 465 2436 559 duplicem

233 546 433 610 habet
475 566 752 620 sensum,
801 552 868 609 et
911 547 1002 608 sic
1048 546 1389 627 dupliciter
1431 552 1743 620 sumatur,
1792 548 1897 610 vel
1939 546 2201 629 quando
2243 546 2436 609 inter-

235 628 417 691 venit
450 627 748 723 quaedam
783 627 1074 690 variatio
1093 628 1289 708 vulgo
1321 643 1637 709 uveam-o,
1677 635 1754 691 ut
1787 648 1937 691 cum
1971 628 2203 690 vocula
2234 628 2438 708 magis

233 709 587 772 necessasia
630 710 699 771 in
742 709 1127 783 semimetro,
1177 710 1477 772 voculam
1522 729 1666 789 quae
1711 716 1984 773 vocatur
2025 724 2284 790 uptam,
2335 709 2438 771 vel

233 791 517 872 aliquam
558 791 856 854 voculam
895 791 1087 871 primi
1126 791 1494 865 semimetri,
1538 791 1643 853 vel
1682 791 1841 853 alias
1879 790 2142 854 voculas
2181 790 2437 853 easdem

228 872 352 935 sibi
378 891 613 946 secum,
645 875 764 936 seu
792 872 878 935 ad
903 891 971 934 se
1001 871 1222 947 trahit,
1254 892 1403 935 cum
1431 872 1716 954 quadam
1743 873 2075 953 elegantia,
2110 878 2187 935 ut
2214 872 2361 935 hic:

637 999 738 1068 Ar
777 1000 797 1051 ἱ
841 1011 919 1052 An
966 1001 1231 1070 cauom
1271 1012 1348 1052 An
1395 1001 1678 1068 cataom,

718 1080 815 1135 An
863 1084 1127 1150 cauom
1164 1084 1251 1151 SA
1293 1083 1717 1150 comtataom.

316 1176 615 1239 11.Haec
662 1176 948 1239 sufficere
996 1182 1269 1256 possunt
1318 1176 1676 1256 cuicunque
1718 1175 2121 1237 mediocriter
2160 1174 2432 1247 oculato,

235 1263 312 1320 ut
340 1263 665 1339 poetarum
692 1257 856 1320 sciat
882 1257 1150 1338 τες-3135,
1182 1262 1250 1320 et
1279 1257 1771 1320 Hibernicorum
1799 1276 2031 1337 genera
2058 1256 2432 1329 carminum,

235 1358 380 1401 meo
404 1339 645 1419 judicio
670 1339 958 1401 omnium
984 1359 1127 1420 quae
1152 1338 1274 1403 sub
1298 1339 1462 1401 coelo
1487 1339 1654 1401 fiunt
1680 1337 2064 1399 difficillima.
2178 1338 2440 1399 Veteres

232 1421 445 1484 adhuc
495 1440 613 1502 pro
663 1420 826 1484 vitio
874 1418 1121 1482 habent
1169 1420 1292 1483 nisi
1341 1424 1576 1500 poema
1623 1420 1963 1483 claudatur
2011 1421 2129 1481 seu
2178 1418 2440 1480 finiatur

234 1502 460 1565 eadem
510 1521 770 1583 prorsus
818 1502 1070 1583 syllaba
1120 1503 1224 1564 vel
1275 1502 1555 1564 dictione
1607 1502 1711 1564 vel
1761 1500 1978 1582 phrasi
2030 1521 2163 1594 qua
2212 1500 2439 1581 incipit

232 1589 301 1646 et
335 1590 573 1646 vocant
609 1586 979 1647 clausuram.
1100 1584 1345 1646 Verum
1379 1603 1497 1665 ego
1530 1584 1653 1645 hoc
1688 1603 1820 1645 non
1854 1588 2040 1645 verto
2076 1582 2256 1655 vitio,
2296 1588 2441 1644 tum

233 1665 389 1747 quia
423 1666 669 1729 nullam
706 1665 896 1728 video
933 1665 1267 1739 rationem,
1310 1665 1415 1727 vel
1450 1665 1737 1746 reg-ulam
1773 1665 1864 1727 sic
1901 1664 2433 1744 praescribentem,

239 1752 383 1809 tum
441 1747 596 1829 quia
650 1747 984 1829 plerosque
1040 1747 1163 1828 legi
1221 1716 1623 1810 doctissimos
1679 1753 1747 1809 et
1804 1745 2273 1808 versatissimos
2327 1745 2441 1827 qui

228 1828 401 1891 hunc
430 1835 723 1892 veterum
752 1848 883 1891 non
911 1828 1335 1935 observarunt
1363 1848 1572 1891 usum.
